{
  "SeoMetaTags": {
    "Title": "",
    "MetaDescription": "Shop online at Woolworths for your groceries. We’re here to help you eat fresher & healthier food, 7 days a week with low prices always.",
    "Groups": []
  },
  "Bundles": [
    {
      "Products": [
        {
          "TileID": 0,
          "Stockcode": 539305,
          "Barcode": "93605267",
          "GtinFormat": 8,
          "CupPrice": 1.71,
          "InstoreCupPrice": 1.71,
          "CupMeasure": "100G",
          "CupString": "$1.71 / 100G",
          "InstoreCupString": "$1.71 / 100G",
          "HasCupPrice": true,
          "InstoreHasCupPrice": true,
          "Price": 1.45,
          "InstorePrice": 1.45,
          "Name": "Fancy Feast Adult Classic Beef Feast In Gravy Grilled Wet Cat Food",
          "DisplayName": "Fancy Feast Adult Classic Beef Feast In Gravy Grilled Wet Cat Food 85g",
          "UrlFriendlyName": "fancy-feast-adult-classic-beef-feast-in-gravy-grilled-wet-cat-food",
          "Description": " Fancy Feast Adult Classic<br>Beef Feast In Gravy... 85G",
          "SmallImageFile": "https://cdn0.woolworths.media/content/wowproductimages/small/539305.jpg",
          "MediumImageFile": "https://cdn0.woolworths.media/content/wowproductimages/medium/539305.jpg",
          "LargeImageFile": "https://cdn0.woolworths.media/content/wowproductimages/large/539305.jpg",
          "IsNew": false,
          "IsOnSpecial": false,
          "InstoreIsOnSpecial": false,
          "IsEdrSpecial": false,
          "SavingsAmount": 0,
          "InstoreSavingsAmount": 0,
          "WasPrice": 1.45,
          "InstoreWasPrice": 1.45,
          "QuantityInTrolley": 0,
          "Unit": "Each",
          "MinimumQuantity": 1,
          "HasBeenBoughtBefore": false,
          "IsInTrolley": false,
          "Source": "SpecialsGroup.Buy More Save More",
          "SupplyLimit": 36,
          "MaxSupplyLimitMessage": "36 item limit",
          "IsRanged": true,
          "IsInStock": true,
          "PackageSize": "85G",
          "IsPmDelivery": false,
          "IsForCollection": true,
          "IsForDelivery": true,
          "IsForExpress": true,
          "ProductRestrictionMessage": null,
          "ProductWarningMessage": null,
          "CentreTag": {
            "TagContent": null,
            "TagLink": null,
            "FallbackText": null,
            "TagType": "None",
            "MultibuyData": null,
            "TagContentText": null,
            "DualImageTagContent": null
          },
          "IsCentreTag": false,
          "ImageTag": {
            "TagContent": null,
            "TagLink": null,
            "FallbackText": "",
            "TagType": "None",
            "MultibuyData": null,
            "TagContentText": null,
            "DualImageTagContent": null
          },
          "HeaderTag": null,
          "HasHeaderTag": false,
          "UnitWeightInGrams": 0,
          "SupplyLimitMessage": "'Fancy Feast Adult Classic Beef Feast In Gravy Grilled Wet Cat Food' has a supply limit of 36. The quantity in your cart has been reduced accordingly. To purchase a larger quantity, please contact us on 1800 000 610. Please note we do not supply trade orders.",
          "SmallFormatDescription": "Fancy Feast Adult Classic Beef Feast In Gravy Grilled Wet Cat Food",
          "FullDescription": "Fancy Feast Adult Classic Beef Feast In Gravy Grilled Wet Cat Food",
          "IsAvailable": true,
          "InstoreIsAvailable": true,
          "IsPurchasable": true,
          "InstoreIsPurchasable": true,
          "AgeRestricted": false,
          "DisplayQuantity": 1,
          "RichDescription": null,
          "IsDeliveryPass": false,
          "HideWasSavedPrice": false,
          "SapCategories": null,
          "Brand": "Fancy Feast",
          "IsRestrictedByDeliveryMethod": false,
          "FooterTag": {
            "TagContent": null,
            "TagLink": null,
            "FallbackText": null,
            "TagType": "None",
            "MultibuyData": null,
            "TagContentText": null,
            "DualImageTagContent": null
          },
          "IsFooterEnabled": false,
          "Diagnostics": "72",
          "IsBundle": false,
          "IsInFamily": false,
          "ChildProducts": null,
          "UrlOverride": null,
          "AdditionalAttributes": {
            "sapdepartmentname": "GROCERIES",
            "sapdepartmentno": "5",
            "sapcategoryname": "PET FOOD",
            "sapcategoryno": "49",
            "sapsubcategoryname": "PET NEEDS - CAT FOOD WET",
            "sapsubcategoryno": "187",
            "sapsegmentname": "WET CAT SINGLE SERVE",
            "sapsegmentno": "1",
            "specialsgroupid": "3656",
            "PiesProductDepartmentNodeId": "1_61D6FEB",
            "PiesProductDepartmentsjson": "[{\"Id\":\"1_61D6FEB\",\"Description\":\"Pet\"}]",
            "piesdepartmentnamesjson": "[\"Pet\"]",
            "piescategorynamesjson": "[\"Cat & Kitten\"]",
            "piessubcategorynamesjson": "[\"Trays & Cans Cat Food\"]",
            "servingsize-total-nip": null,
            "servingsperpack-total-nip": null,
            "microwaveable": "False",
            "ovencook": "False",
            "vegetarian": "False",
            "freezable": "False",
            "containsnuts": "False",
            "containsgluten": "False",
            "description": "<p>Make every day delicious with FANCY FEAST Classic recipes. An extensive array of delicious, mouth-watering flavours and tantalising textures your cat will love. FANCY FEAST Classic Grilled Beef Feast In Gravy is a highly palatable, gourmet wet cat food made for adult cats. Grilled cuts made with beef, slow-cooked to perfection and basted in a savory gravy. A glorious feast for your cat! All FANCY FEAST Classic recipes are 100% complete and balanced, with the goodness of high protein and the essential vitamins and minerals your cat needs, making mealtime delicious and nutritious.<BR><BR>Make every day delicious with FANCY FEAST Classic recipes. An extensive array of delicious, mouth-watering flavours and tantalising textures your cat will love.<br/><br/>FANCY FEAST Classic Grilled Beef Feast In Gravy is a highly palatable, gourmet wet cat food made for adult cats. Grilled cuts made with beef, slow-cooked to perfection and basted in a savory gravy. A glorious feast for your cat! <br/><br/>All FANCY FEAST Classic recipes are 100% complete and balanced, with the goodness of high protein and the essential vitamins and minerals your cat needs, making mealtime delicious and nutritious. <br/><br/>Each recipe comes in an easy-to-open and easy-to-serve 85g can that makes mealtime simple and hassle free. Serve alone or mix with dry food for a delectable texture, and a great way to add moisture to your cat’s diet. If your cat craves a variety of flavour combinations, try some of the other recipes within our range to keep her excited. <br/><br/>No one loves your cat like you do – and no one loves helping you find ways to delight your cat like FANCY FEAST. FANCY FEAST has been setting the standard in gourmet cat food since 1982, creating and crafting unique taste experiences time and again. Delicious tastes. Irresistible textures. Thoughtful details. Each FANCY FEAST recipe has been carefully crafted using high quality ingredients because your cat deserves nothing but the best. Your cat will taste the love with every delicious bite, and you will feel good about what you put in her dish. With over 60 irresistible recipes in the range, there’s a plate for every palate.<BR><BR>Grilled cuts made with beef, slow-cooked and basted in a savory gravy<BR><BR>Highly palatable gourmet wet cat food<BR><BR>Made with high-quality ingredients<BR><BR>Provides 100% complete and balanced nutrition for everyday feeding<BR><BR>A great way to add moisture to your cat’s diet<BR><BR>Comes in a convenient single-serve can<BR><BR>Available in a variety of different flavours to keep mealtime exciting</p>",
            "ingredients": "Meat Broth, Beef, Liver, Wheat Gluten, Meat By-Products, Corn Starch-Modified, Artificial And Natural Flavors, Salt, Added Color, Soy Protein Concentrate, Tricalcium Phosphate, Minerals [Potassium Chloride, Magnesium Sulfate, Zinc Sulfate, Ferrous Sulfate, Copper Sulfate, Manganese Sulfate, Potassium Iodide), Taurine, Choline Chloride, Vitamins [Thiamine Mononitrate (Vitamin B-1), Vitamin E Supplement, Niacin (Vitamin B-3), Calcium Pantothenate (Vitamin B•B), Vitamin A Supplement, Menadione Sodium Bisulfite Complex (Vitamin K), Pyridoxine Hydrochloride (Vitamin 8-9), Riboflavin Supplement (Vitamin B-2), Vitamin B-12 Supplement, Biotin (Vitamin B-7), Folic Acid (Vitamin B-9), Vitamin D-3 Supplement]. D-6920.",
            "nutritionalinformation": null,
            "storageinstructions": null,
            "usageinstructions": null,
            "brand": "fancy feast",
            "manufacturer": null,
            "countryoforigin": null,
            "productheightmm": null,
            "productwidthmm": null,
            "productdepthmm": null,
            "wool_productpackaging": null,
            "recyclableinformation": null,
            "importantinformation": null,
            "allergencontains": "Cereals",
            "allergenmaybepresent": null,
            "allergystatement": null,
            "lifestyleanddietarystatement": null,
            "lifestyleclaim": null,
            "wool_dietaryclaim": null,
            "boxedcontents": null,
            "suitablefor": null,
            "fragrance": null,
            "colour": null,
            "antioxidant": "False",
            "addedvitaminsandminerals": "False",
            "bpafree": "False",
            "sulfatefree": "False",
            "parabenfree": "False",
            "claims": null,
            "alcoholfree": null,
            "anti-dandruff": null,
            "dermatologicallyapproved": null,
            "dermatologistrecommended": null,
            "dermatologisttested": null,
            "fragrance-free": null,
            "haircolour": null,
            "hairtype": null,
            "hypo-allergenic": null,
            "non-comedogenic": null,
            "oilfree": null,
            "ophthalmologistapproved": null,
            "ophthalmologisttested": null,
            "paba-free": null,
            "skincondition": null,
            "skintype": null,
            "soap-free": null,
            "spf": null,
            "sweatresistant": null,
            "timer": null,
            "waterresistant": null,
            "phbalanced": null,
            "antiseptic": "False",
            "antibacterial": "False",
            "activeconstituents": null,
            "contains": null,
            "microwavesafe": "False",
            "productimagecount": "8",
            "friendlydisclaimer": null,
            "productimages": "539305.jpg,539305_1.jpg,539305_2.jpg,539305_6.jpg,539305_7.jpg,539305_8.jpg,539305_9.jpg,539305_10.jpg",
            "healthstarrating": "0",
            "tgawarnings": null,
            "vendorarticleid": null,
            "vendorcostprice": null,
            "tgawarning": null
          },
          "DetailsImagePaths": [
            "https://cdn0.woolworths.media/content/wowproductimages/large/539305.jpg"
          ],
          "Variety": "Gravy Grilled Wet Cat Food",
          "Rating": {
            "ReviewCount": 0,
            "RatingCount": 0,
            "RatingSum": 0,
            "OneStarCount": 0,
            "TwoStarCount": 0,
            "ThreeStarCount": 0,
            "FourStarCount": 0,
            "FiveStarCount": 0,
            "Average": 0,
            "OneStarPercentage": 0,
            "TwoStarPercentage": 0,
            "ThreeStarPercentage": 0,
            "FourStarPercentage": 0,
            "FiveStarPercentage": 0
          },
          "HasProductSubs": false,
          "IsSponsoredAd": false,
          "AdID": null,
          "AdIndex": null,
          "IsMarketProduct": false,
          "IsGiftable": false,
          "Vendor": null,
          "Untraceable": false,
          "ThirdPartyProductInfo": null,
          "MarketFeatures": null,
          "MarketSpecifications": null,
          "SupplyLimitSource": "ProductLimit",
          "Tags": null,
          "IsPersonalisedByPurchaseHistory": false,
          "IsFromFacetedSearch": false,
          "NextAvailabilityDate": "2022-01-26T00:00:00.0000000Z"
        }
      ],
      "Name": "Fancy Feast Adult Classic Beef Feast In Gravy Grilled Wet Cat Food",
      "DisplayName": "Fancy Feast Adult Classic Beef Feast In Gravy Grilled Wet Cat Food 85g"
    },
    {
      "Products": [
        {
          "TileID": 0,
          "Stockcode": 268715,
          "Barcode": "50000426942",
          "GtinFormat": 0,
          "CupPrice": 1.71,
          "InstoreCupPrice": 1.71,
          "CupMeasure": "100G",
          "CupString": "$1.71 / 100G",
          "InstoreCupString": "$1.71 / 100G",
          "HasCupPrice": true,
          "InstoreHasCupPrice": true,
          "Price": 1.45,
          "InstorePrice": 1.45,
          "Name": "Fancy Feast Adult Classic Chicken Feast Chunky Wet Cat Food",
          "DisplayName": "Fancy Feast Adult Classic Chicken Feast Chunky Wet Cat Food 85g",
          "UrlFriendlyName": "fancy-feast-adult-classic-chicken-feast-chunky-wet-cat-food",
          "Description": " Fancy Feast Adult Classic<br>Chicken Feast Chunky... 85G",
          "SmallImageFile": "https://cdn0.woolworths.media/content/wowproductimages/small/268715.jpg",
          "MediumImageFile": "https://cdn0.woolworths.media/content/wowproductimages/medium/268715.jpg",
          "LargeImageFile": "https://cdn0.woolworths.media/content/wowproductimages/large/268715.jpg",
          "IsNew": false,
          "IsOnSpecial": false,
          "InstoreIsOnSpecial": false,
          "IsEdrSpecial": false,
          "SavingsAmount": 0,
          "InstoreSavingsAmount": 0,
          "WasPrice": 1.45,
          "InstoreWasPrice": 1.45,
          "QuantityInTrolley": 0,
          "Unit": "Each",
          "MinimumQuantity": 1,
          "HasBeenBoughtBefore": false,
          "IsInTrolley": false,
          "Source": "SpecialsGroup.Buy More Save More",
          "SupplyLimit": 36,
          "MaxSupplyLimitMessage": "36 item limit",
          "IsRanged": true,
          "IsInStock": true,
          "PackageSize": "85G",
          "IsPmDelivery": false,
          "IsForCollection": true,
          "IsForDelivery": true,
          "IsForExpress": true,
          "ProductRestrictionMessage": null,
          "ProductWarningMessage": null,
          "CentreTag": {
            "TagContent": null,
            "TagLink": null,
            "FallbackText": null,
            "TagType": "None",
            "MultibuyData": null,
            "TagContentText": null,
            "DualImageTagContent": null
          },
          "IsCentreTag": false,
          "ImageTag": {
            "TagContent": null,
            "TagLink": null,
            "FallbackText": "",
            "TagType": "None",
            "MultibuyData": null,
            "TagContentText": null,
            "DualImageTagContent": null
          },
          "HeaderTag": null,
          "HasHeaderTag": false,
          "UnitWeightInGrams": 0,
          "SupplyLimitMessage": "'Fancy Feast Adult Classic Chicken Feast Chunky Wet Cat Food' has a supply limit of 36. The quantity in your cart has been reduced accordingly. To purchase a larger quantity, please contact us on 1800 000 610. Please note we do not supply trade orders.",
          "SmallFormatDescription": "Fancy Feast Adult Classic Chicken Feast Chunky Wet Cat Food",
          "FullDescription": "Fancy Feast Adult Classic Chicken Feast Chunky Wet Cat Food",
          "IsAvailable": true,
          "InstoreIsAvailable": true,
          "IsPurchasable": true,
          "InstoreIsPurchasable": true,
          "AgeRestricted": false,
          "DisplayQuantity": 1,
          "RichDescription": null,
          "IsDeliveryPass": false,
          "HideWasSavedPrice": false,
          "SapCategories": null,
          "Brand": "Fancy Feast",
          "IsRestrictedByDeliveryMethod": false,
          "FooterTag": {
            "TagContent": null,
            "TagLink": null,
            "FallbackText": null,
            "TagType": "None",
            "MultibuyData": null,
            "TagContentText": null,
            "DualImageTagContent": null
          },
          "IsFooterEnabled": false,
          "Diagnostics": "73",
          "IsBundle": false,
          "IsInFamily": false,
          "ChildProducts": null,
          "UrlOverride": null,
          "AdditionalAttributes": {
            "sapdepartmentname": "GROCERIES",
            "sapdepartmentno": "5",
            "sapcategoryname": "PET FOOD",
            "sapcategoryno": "49",
            "sapsubcategoryname": "PET NEEDS - CAT FOOD WET",
            "sapsubcategoryno": "187",
            "sapsegmentname": "WET CAT SINGLE SERVE",
            "sapsegmentno": "1",
            "specialsgroupid": "3656",
            "PiesProductDepartmentNodeId": "1_61D6FEB",
            "PiesProductDepartmentsjson": "[{\"Id\":\"1_61D6FEB\",\"Description\":\"Pet\"}]",
            "piesdepartmentnamesjson": "[\"Pet\"]",
            "piescategorynamesjson": "[\"Cat & Kitten\"]",
            "piessubcategorynamesjson": "[\"Trays & Cans Cat Food\"]",
            "servingsize-total-nip": null,
            "servingsperpack-total-nip": null,
            "microwaveable": "False",
            "ovencook": "False",
            "vegetarian": "False",
            "freezable": "False",
            "containsnuts": "False",
            "containsgluten": "False",
            "description": "<p>Make every day delicious with FANCY FEAST Classic recipes. An extensive array of delicious, mouth-watering flavours and tantalising textures your cat will love. FANCY FEAST Classic Chunky Chicken Feast is a highly palatable, gourmet wet cat food made for adult cats. A finely ground paté surrounding succulent chunks made with real chicken. A glorious feast for your cat! All FANCY FEAST Classic recipes are 100% complete and balanced, with the goodness of high protein and the essential vitamins and minerals your cat needs, making mealtime delicious and nutritious.<BR><BR>Make every day delicious with FANCY FEAST Classic recipes. An extensive array of delicious, mouth-watering flavours and tantalising textures your cat will love.<br/><br/>Each recipe comes in an easy-to-open and easy-to-serve 85g can that makes mealtime simple and hassle free. Serve alone or mix with dry food for a delectable texture, and a great way to add moisture to your cat’s diet. If your cat craves a variety of flavour combinations, try some of the other recipes within our range to keep her excited. <br/><br/>No one loves your cat like you do – and no one loves helping you find ways to delight your cat like FANCY FEAST. FANCY FEAST has been setting the standard in gourmet cat food since 1982, creating and crafting unique taste experiences time and again. Delicious tastes. Irresistible textures. Thoughtful details. Each FANCY FEAST recipe has been carefully crafted using high quality ingredients because your cat deserves nothing but the best. Your cat will taste the love with every delicious bite, and you will feel good about what you put in her dish. With over 60 irresistible recipes in the range, there’s a plate for every palate.<BR><BR>Finely ground paté surrounding succulent chunks made with real chicken<BR><BR>Highly palatable gourmet wet cat food<BR><BR>Made with high-quality ingredients<BR><BR>Provides 100% complete and balanced nutrition for everyday feeding<BR><BR>A great way to add moisture to your cat’s diet<BR><BR>Comes in a convenient single-serve can<BR><BR>Available in a variety of different flavours to keep mealtime exciting.</p>",
            "ingredients": "Chicken Broth, Chicken, Meat By-Products, Liver, Fish, Turkey, Wheat Gluten, Artificial And Natural Flavors, Soy Flour, Soy Protein Concentrate, Tricalcium Phosphate, Sodium Tripoliphosphate, Guar Gum, Added Color, Minerals (Potassium Chloride, Magnesium Sulfate, Zinc Sulfate, Ferrous Sulfate, Copper Sulfate, Manganese Sulfate, Potassium Iodide], Salt, Taurine, Carrageenan, Locust Bean Gum, Vitamins Thiamine Mononitrate (Vitamin B-1), Vitamin E Supplement, Niacin (Vitamin B-3), Calcium Pantothenate (Vitamin B-5), Vitamin A Supplement, Menadione Sodium Bisulfite Complex (Vitamin K), Pyridoxine Hydrochloride (Vitamin B-6), Riboflavin Supplement (Vitamin B-2), Vitamin B-12 Supplement, Biotin (Vitamin B-7, Folic Acid (Vitamin B-9, Vitamin D-3 Supplement], Choline Chloride. D-6650.",
            "nutritionalinformation": null,
            "storageinstructions": null,
            "usageinstructions": null,
            "brand": "fancy feast",
            "manufacturer": null,
            "countryoforigin": null,
            "productheightmm": null,
            "productwidthmm": null,
            "productdepthmm": null,
            "wool_productpackaging": null,
            "recyclableinformation": null,
            "importantinformation": null,
            "allergencontains": null,
            "allergenmaybepresent": null,
            "allergystatement": null,
            "lifestyleanddietarystatement": null,
            "lifestyleclaim": null,
            "wool_dietaryclaim": null,
            "boxedcontents": null,
            "suitablefor": null,
            "fragrance": null,
            "colour": null,
            "antioxidant": "False",
            "addedvitaminsandminerals": "False",
            "bpafree": "False",
            "sulfatefree": "False",
            "parabenfree": "False",
            "claims": null,
            "alcoholfree": null,
            "anti-dandruff": null,
            "dermatologicallyapproved": null,
            "dermatologistrecommended": null,
            "dermatologisttested": null,
            "fragrance-free": null,
            "haircolour": null,
            "hairtype": null,
            "hypo-allergenic": null,
            "non-comedogenic": null,
            "oilfree": null,
            "ophthalmologistapproved": null,
            "ophthalmologisttested": null,
            "paba-free": null,
            "skincondition": null,
            "skintype": null,
            "soap-free": null,
            "spf": null,
            "sweatresistant": null,
            "timer": null,
            "waterresistant": null,
            "phbalanced": null,
            "antiseptic": "False",
            "antibacterial": "False",
            "activeconstituents": null,
            "contains": null,
            "microwavesafe": "False",
            "productimagecount": "8",
            "friendlydisclaimer": null,
            "productimages": "268715.jpg,268715_1.jpg,268715_2.jpg,268715_6.jpg,268715_7.jpg,268715_8.jpg,268715_9.jpg,268715_10.jpg",
            "healthstarrating": "0",
            "tgawarnings": null,
            "vendorarticleid": null,
            "vendorcostprice": null,
            "tgawarning": null
          },
          "DetailsImagePaths": [
            "https://cdn0.woolworths.media/content/wowproductimages/large/268715.jpg"
          ],
          "Variety": "Chunky Wet Cat Food",
          "Rating": {
            "ReviewCount": 0,
            "RatingCount": 0,
            "RatingSum": 0,
            "OneStarCount": 0,
            "TwoStarCount": 0,
            "ThreeStarCount": 0,
            "FourStarCount": 0,
            "FiveStarCount": 0,
            "Average": 0,
            "OneStarPercentage": 0,
            "TwoStarPercentage": 0,
            "ThreeStarPercentage": 0,
            "FourStarPercentage": 0,
            "FiveStarPercentage": 0
          },
          "HasProductSubs": false,
          "IsSponsoredAd": false,
          "AdID": null,
          "AdIndex": null,
          "IsMarketProduct": false,
          "IsGiftable": false,
          "Vendor": null,
          "Untraceable": false,
          "ThirdPartyProductInfo": null,
          "MarketFeatures": null,
          "MarketSpecifications": null,
          "SupplyLimitSource": "ProductLimit",
          "Tags": null,
          "IsPersonalisedByPurchaseHistory": false,
          "IsFromFacetedSearch": false,
          "NextAvailabilityDate": "2022-01-26T00:00:00.0000000Z"
        }
      ],
      "Name": "Fancy Feast Adult Classic Chicken Feast Chunky Wet Cat Food",
      "DisplayName": "Fancy Feast Adult Classic Chicken Feast Chunky Wet Cat Food 85g"
    },
    {
      "Products": [
        {
          "TileID": 0,
          "Stockcode": 179506,
          "Barcode": "93475822",
          "GtinFormat": 8,
          "CupPrice": 1.71,
          "InstoreCupPrice": 1.71,
          "CupMeasure": "100G",
          "CupString": "$1.71 / 100G",
          "InstoreCupString": "$1.71 / 100G",
          "HasCupPrice": true,
          "InstoreHasCupPrice": true,
          "Price": 1.45,
          "InstorePrice": 1.45,
          "Name": "Fancy Feast Adult Classic Chicken Feast Gravy Grilled Wet Cat Food",
          "DisplayName": "Fancy Feast Adult Classic Chicken Feast Gravy Grilled Wet Cat Food 85g",
          "UrlFriendlyName": "fancy-feast-adult-classic-chicken-feast-gravy-grilled-wet-cat-food",
          "Description": " Fancy Feast Adult Classic<br>Chicken Feast Gravy... 85G",
          "SmallImageFile": "https://cdn0.woolworths.media/content/wowproductimages/small/179506.jpg",
          "MediumImageFile": "https://cdn0.woolworths.media/content/wowproductimages/medium/179506.jpg",
          "LargeImageFile": "https://cdn0.woolworths.media/content/wowproductimages/large/179506.jpg",
          "IsNew": false,
          "IsOnSpecial": false,
          "InstoreIsOnSpecial": false,
          "IsEdrSpecial": false,
          "SavingsAmount": 0,
          "InstoreSavingsAmount": 0,
          "WasPrice": 1.45,
          "InstoreWasPrice": 1.45,
          "QuantityInTrolley": 0,
          "Unit": "Each",
          "MinimumQuantity": 1,
          "HasBeenBoughtBefore": false,
          "IsInTrolley": false,
          "Source": "SpecialsGroup.Buy More Save More",
          "SupplyLimit": 36,
          "MaxSupplyLimitMessage": "36 item limit",
          "IsRanged": true,
          "IsInStock": true,
          "PackageSize": "85G",
          "IsPmDelivery": false,
          "IsForCollection": true,
          "IsForDelivery": true,
          "IsForExpress": true,
          "ProductRestrictionMessage": null,
          "ProductWarningMessage": null,
          "CentreTag": {
            "TagContent": null,
            "TagLink": null,
            "FallbackText": null,
            "TagType": "None",
            "MultibuyData": null,
            "TagContentText": null,
            "DualImageTagContent": null
          },
          "IsCentreTag": false,
          "ImageTag": {
            "TagContent": null,
            "TagLink": null,
            "FallbackText": "",
            "TagType": "None",
            "MultibuyData": null,
            "TagContentText": null,
            "DualImageTagContent": null
          },
          "HeaderTag": null,
          "HasHeaderTag": false,
          "UnitWeightInGrams": 0,
          "SupplyLimitMessage": "'Fancy Feast Adult Classic Chicken Feast Gravy Grilled Wet Cat Food' has a supply limit of 36. The quantity in your cart has been reduced accordingly. To purchase a larger quantity, please contact us on 1800 000 610. Please note we do not supply trade orders.",
          "SmallFormatDescription": "Fancy Feast Adult Classic Chicken Feast Gravy Grilled Wet Cat Food",
          "FullDescription": "Fancy Feast Adult Classic Chicken Feast Gravy Grilled Wet Cat Food",
          "IsAvailable": true,
          "InstoreIsAvailable": true,
          "IsPurchasable": true,
          "InstoreIsPurchasable": true,
          "AgeRestricted": false,
          "DisplayQuantity": 1,
          "RichDescription": null,
          "IsDeliveryPass": false,
          "HideWasSavedPrice": false,
          "SapCategories": null,
          "Brand": "Fancy Feast",
          "IsRestrictedByDeliveryMethod": false,
          "FooterTag": {
            "TagContent": null,
            "TagLink": null,
            "FallbackText": null,
            "TagType": "None",
            "MultibuyData": null,
            "TagContentText": null,
            "DualImageTagContent": null
          },
          "IsFooterEnabled": false,
          "Diagnostics": "74",
          "IsBundle": false,
          "IsInFamily": false,
          "ChildProducts": null,
          "UrlOverride": null,
          "AdditionalAttributes": {
            "sapdepartmentname": "GROCERIES",
            "sapdepartmentno": "5",
            "sapcategoryname": "PET FOOD",
            "sapcategoryno": "49",
            "sapsubcategoryname": "PET NEEDS - CAT FOOD WET",
            "sapsubcategoryno": "187",
            "sapsegmentname": "WET CAT SINGLE SERVE",
            "sapsegmentno": "1",
            "specialsgroupid": "3656",
            "PiesProductDepartmentNodeId": "1_61D6FEB",
            "PiesProductDepartmentsjson": "[{\"Id\":\"1_61D6FEB\",\"Description\":\"Pet\"}]",
            "piesdepartmentnamesjson": "[\"Pet\"]",
            "piescategorynamesjson": "[\"Cat & Kitten\"]",
            "piessubcategorynamesjson": "[\"Trays & Cans Cat Food\"]",
            "servingsize-total-nip": null,
            "servingsperpack-total-nip": null,
            "microwaveable": "False",
            "ovencook": "False",
            "vegetarian": "False",
            "freezable": "False",
            "containsnuts": "False",
            "containsgluten": "False",
            "description": "<p>Make every day delicious with FANCY FEAST Classic recipes. An extensive array of delicious, mouth-watering flavours and tantalising textures your cat will love.FANCY FEAST Classic Grilled Chicken Feast In Gravy is a highly palatable, gourmet wet cat food made for adult cats. Grilled cuts made with chicken, slow-cooked to perfection and basted in a savory gravy. A glorious feast for your cat! All FANCY FEAST Classic recipes are 100% complete and balanced, with the goodness of high protein and the essential vitamins and minerals your cat needs, making mealtime delicious and nutritious.<BR><BR>Make every day delicious with FANCY FEAST Classic recipes. An extensive array of delicious, mouth-watering flavours and tantalising textures your cat will love.<br/><br/>FANCY FEAST Classic Grilled Chicken Feast In Gravy is a highly palatable, gourmet wet cat food made for adult cats. Grilled cuts made with chicken, slow-cooked to perfection and basted in a savory gravy. A glorious feast for your cat! <br/><br/>All FANCY FEAST Classic recipes are 100% complete and balanced, with the goodness of high protein and the essential vitamins and minerals your cat needs, making mealtime delicious and nutritious. <br/><br/>Each recipe comes in an easy-to-open and easy-to-serve 85g can that makes mealtime simple and hassle free. Serve alone or mix with dry food for a delectable texture, and a great way to add moisture to your cat’s diet. If your cat craves a variety of flavour combinations, try some of the other recipes within our range to keep her excited. <br/><br/>No one loves your cat like you do – and no one loves helping you find ways to delight your cat like FANCY FEAST. FANCY FEAST has been setting the standard in gourmet cat food since 1982, creating and crafting unique taste experiences time and again. Delicious tastes. Irresistible textures. Thoughtful details. Each FANCY FEAST recipe has been carefully crafted using high quality ingredients because your cat deserves nothing but the best. Your cat will taste the love with every delicious bite, and you will feel good about what you put in her dish. With over 60 irresistible recipes in the range, there’s a plate for every palate.<BR><BR>Grilled cuts made with chicken, slow-cooked and basted in a savory gravy<BR><BR>Highly palatable gourmet wet cat food<BR><BR>Made with high-quality ingredients<BR><BR>Provides 100% complete and balanced nutrition for everyday feeding<BR><BR>A great way to add moisture to your cat’s diet<BR><BR>Comes in a convenient single-serve can<BR><BR>Available in a variety of different flavours to keep mealtime exciting</p>",
            "ingredients": "Chicken Broth, Chicken, Liver, Wheat Gluten, Meat By-Products, Corn Starch-Modified, Artificial And Natural Flavors, Salt, Tricalcium Phosphate, Soy Protein Concentrate, Minerals [Potassium Chloride, Magnesium Sulfate, Zinc Sulfate, Ferrous Sulfate, Copper Sulfate, Manganese Sulfate, Potassium Iodide] Added Color, Taurine, Choline Chloride, Vitamins [Thiamine Mononitrate (Vitamin B-1), Vitamin E Supplement, Niacin (Vitamin B-3), Calcium Pantothenate (Vitamin B-5), Vitamin A Supplement, Menadione Sodium Bisulfite Complex (Vitamin K), Pyridoxine Hydrochloride (Vitamin B-6), Riboflavin Supplement (Vitamin Hi, Vitamin B-12 Supplement, Biotin (Vitamin B-1), Folic Acid (Vitamin B-9), Vitamin D-3 Supplement] D-6922.",
            "nutritionalinformation": null,
            "storageinstructions": null,
            "usageinstructions": null,
            "brand": "fancy feast",
            "manufacturer": null,
            "countryoforigin": null,
            "productheightmm": null,
            "productwidthmm": null,
            "productdepthmm": null,
            "wool_productpackaging": null,
            "recyclableinformation": null,
            "importantinformation": null,
            "allergencontains": "Cereals",
            "allergenmaybepresent": null,
            "allergystatement": null,
            "lifestyleanddietarystatement": null,
            "lifestyleclaim": null,
            "wool_dietaryclaim": "Added Vitamins and Minerals, Source of Vitamins",
            "boxedcontents": null,
            "suitablefor": null,
            "fragrance": null,
            "colour": null,
            "antioxidant": "False",
            "addedvitaminsandminerals": "False",
            "bpafree": "False",
            "sulfatefree": "False",
            "parabenfree": "False",
            "claims": null,
            "alcoholfree": null,
            "anti-dandruff": null,
            "dermatologicallyapproved": null,
            "dermatologistrecommended": null,
            "dermatologisttested": null,
            "fragrance-free": null,
            "haircolour": null,
            "hairtype": null,
            "hypo-allergenic": null,
            "non-comedogenic": null,
            "oilfree": null,
            "ophthalmologistapproved": null,
            "ophthalmologisttested": null,
            "paba-free": null,
            "skincondition": null,
            "skintype": null,
            "soap-free": null,
            "spf": null,
            "sweatresistant": null,
            "timer": null,
            "waterresistant": null,
            "phbalanced": null,
            "antiseptic": "False",
            "antibacterial": "False",
            "activeconstituents": null,
            "contains": null,
            "microwavesafe": "False",
            "productimagecount": "8",
            "friendlydisclaimer": null,
            "productimages": "179506.jpg,179506_1.jpg,179506_2.jpg,179506_6.jpg,179506_7.jpg,179506_8.jpg,179506_9.jpg,179506_10.jpg",
            "healthstarrating": "0",
            "tgawarnings": null,
            "vendorarticleid": null,
            "vendorcostprice": null,
            "tgawarning": null
          },
          "DetailsImagePaths": [
            "https://cdn0.woolworths.media/content/wowproductimages/large/179506.jpg"
          ],
          "Variety": "Gravy Grilled Wet Cat Food",
          "Rating": {
            "ReviewCount": 0,
            "RatingCount": 0,
            "RatingSum": 0,
            "OneStarCount": 0,
            "TwoStarCount": 0,
            "ThreeStarCount": 0,
            "FourStarCount": 0,
            "FiveStarCount": 0,
            "Average": 0,
            "OneStarPercentage": 0,
            "TwoStarPercentage": 0,
            "ThreeStarPercentage": 0,
            "FourStarPercentage": 0,
            "FiveStarPercentage": 0
          },
          "HasProductSubs": false,
          "IsSponsoredAd": false,
          "AdID": null,
          "AdIndex": null,
          "IsMarketProduct": false,
          "IsGiftable": false,
          "Vendor": null,
          "Untraceable": false,
          "ThirdPartyProductInfo": null,
          "MarketFeatures": null,
          "MarketSpecifications": null,
          "SupplyLimitSource": "ProductLimit",
          "Tags": null,
          "IsPersonalisedByPurchaseHistory": false,
          "IsFromFacetedSearch": false,
          "NextAvailabilityDate": "2022-01-26T00:00:00.0000000Z"
        }
      ],
      "Name": "Fancy Feast Adult Classic Chicken Feast Gravy Grilled Wet Cat Food",
      "DisplayName": "Fancy Feast Adult Classic Chicken Feast Gravy Grilled Wet Cat Food 85g"
    },
    {
      "Products": [
        {
          "TileID": 0,
          "Stockcode": 268269,
          "Barcode": "50000503896",
          "GtinFormat": 0,
          "CupPrice": 1.71,
          "InstoreCupPrice": 1.71,
          "CupMeasure": "100G",
          "CupString": "$1.71 / 100G",
          "InstoreCupString": "$1.71 / 100G",
          "HasCupPrice": true,
          "InstoreHasCupPrice": true,
          "Price": 1.45,
          "InstorePrice": 1.45,
          "Name": "Fancy Feast Adult Classic Salmon Feast Gravy Grilled Wet Cat Food",
          "DisplayName": "Fancy Feast Adult Classic Salmon Feast Gravy Grilled Wet Cat Food 85g",
          "UrlFriendlyName": "fancy-feast-adult-classic-salmon-feast-gravy-grilled-wet-cat-food",
          "Description": " Fancy Feast Adult Classic<br>Salmon Feast Gravy... 85G",
          "SmallImageFile": "https://cdn0.woolworths.media/content/wowproductimages/small/268269.jpg",
          "MediumImageFile": "https://cdn0.woolworths.media/content/wowproductimages/medium/268269.jpg",
          "LargeImageFile": "https://cdn0.woolworths.media/content/wowproductimages/large/268269.jpg",
          "IsNew": false,
          "IsOnSpecial": false,
          "InstoreIsOnSpecial": false,
          "IsEdrSpecial": false,
          "SavingsAmount": 0,
          "InstoreSavingsAmount": 0,
          "WasPrice": 1.45,
          "InstoreWasPrice": 1.45,
          "QuantityInTrolley": 0,
          "Unit": "Each",
          "MinimumQuantity": 1,
          "HasBeenBoughtBefore": false,
          "IsInTrolley": false,
          "Source": "SpecialsGroup.Buy More Save More",
          "SupplyLimit": 36,
          "MaxSupplyLimitMessage": "36 item limit",
          "IsRanged": true,
          "IsInStock": true,
          "PackageSize": "85G",
          "IsPmDelivery": false,
          "IsForCollection": true,
          "IsForDelivery": true,
          "IsForExpress": true,
          "ProductRestrictionMessage": null,
          "ProductWarningMessage": null,
          "CentreTag": {
            "TagContent": null,
            "TagLink": null,
            "FallbackText": null,
            "TagType": "None",
            "MultibuyData": null,
            "TagContentText": null,
            "DualImageTagContent": null
          },
          "IsCentreTag": false,
          "ImageTag": {
            "TagContent": null,
            "TagLink": null,
            "FallbackText": "",
            "TagType": "None",
            "MultibuyData": null,
            "TagContentText": null,
            "DualImageTagContent": null
          },
          "HeaderTag": null,
          "HasHeaderTag": false,
          "UnitWeightInGrams": 0,
          "SupplyLimitMessage": "'Fancy Feast Adult Classic Salmon Feast Gravy Grilled Wet Cat Food' has a supply limit of 36. The quantity in your cart has been reduced accordingly. To purchase a larger quantity, please contact us on 1800 000 610. Please note we do not supply trade orders.",
          "SmallFormatDescription": "Fancy Feast Adult Classic Salmon Feast Gravy Grilled Wet Cat Food",
          "FullDescription": "Fancy Feast Adult Classic Salmon Feast Gravy Grilled Wet Cat Food",
          "IsAvailable": true,
          "InstoreIsAvailable": true,
          "IsPurchasable": true,
          "InstoreIsPurchasable": true,
          "AgeRestricted": false,
          "DisplayQuantity": 1,
          "RichDescription": null,
          "IsDeliveryPass": false,
          "HideWasSavedPrice": false,
          "SapCategories": null,
          "Brand": "Fancy Feast",
          "IsRestrictedByDeliveryMethod": false,
          "FooterTag": {
            "TagContent": null,
            "TagLink": null,
            "FallbackText": null,
            "TagType": "None",
            "MultibuyData": null,
            "TagContentText": null,
            "DualImageTagContent": null
          },
          "IsFooterEnabled": false,
          "Diagnostics": "75",
          "IsBundle": false,
          "IsInFamily": false,
          "ChildProducts": null,
          "UrlOverride": null,
          "AdditionalAttributes": {
            "sapdepartmentname": "GROCERIES",
            "sapdepartmentno": "5",
            "sapcategoryname": "PET FOOD",
            "sapcategoryno": "49",
            "sapsubcategoryname": "PET NEEDS - CAT FOOD WET",
            "sapsubcategoryno": "187",
            "sapsegmentname": "WET CAT SINGLE SERVE",
            "sapsegmentno": "1",
            "specialsgroupid": "3656",
            "PiesProductDepartmentNodeId": "1_61D6FEB",
            "PiesProductDepartmentsjson": "[{\"Id\":\"1_61D6FEB\",\"Description\":\"Pet\"}]",
            "piesdepartmentnamesjson": "[\"Pet\"]",
            "piescategorynamesjson": "[\"Cat & Kitten\"]",
            "piessubcategorynamesjson": "[\"Chilled Cat Food\",\"Trays & Cans Cat Food\"]",
            "servingsize-total-nip": null,
            "servingsperpack-total-nip": null,
            "microwaveable": "False",
            "ovencook": "False",
            "vegetarian": "False",
            "freezable": "False",
            "containsnuts": "False",
            "containsgluten": "False",
            "description": "Make every day delicious with FANCY FEAST Classic recipes. An extensive array of delicious, mouth-watering flavours and tantalising textures your cat will love.FANCY FEAST Classic Grilled Salmon Feast In Gravy is a highly palatable, gourmet wet cat food made for adult cats. Grilled cuts made with salmon, slow-cooked to perfection and basted in a savory gravy. A glorious feast for your cat! All FANCY FEAST Classic recipes are 100% complete and balanced, with the goodness of high protein and the essential vitamins and minerals your cat needs, making mealtime delicious and nutritious.<BR><BR>Make every day delicious with FANCY FEAST Classic recipes. An extensive array of delicious, mouth-watering flavours and tantalising textures your cat will love.<br> <br>FANCY FEAST Classic Grilled Salmon Feast In Gravy is a highly palatable, gourmet wet cat food made for adult cats. Grilled cuts made with salmon, slow-cooked to perfection and basted in a savory gravy. A glorious feast for your cat! <br><br>All FANCY FEAST Classic recipes are 100% complete and balanced, with the goodness of high protein and the essential vitamins and minerals your cat needs, making mealtime delicious and nutritious. <br><br>Each recipe comes in an easy-to-open and easy-to-serve 85g can that makes mealtime simple and hassle free. Serve alone or mix with dry food for a delectable texture, and a great way to add moisture to your cat’s diet. If your cat craves a variety of flavour combinations, try some of the other recipes within our range to keep her excited. <br><br>No one loves your cat like you do – and no one loves helping you find ways to delight your cat like FANCY FEAST. FANCY FEAST has been setting the standard in gourmet cat food since 1982, creating and crafting unique taste experiences time and again. Delicious tastes. Irresistible textures. Thoughtful details. Each FANCY FEAST recipe has been carefully crafted using high quality ingredients because your cat deserves nothing but the best. Your cat will taste the love with every delicious bite, and you will feel good about what you put in her dish. With over 60 irresistible recipes in the range, there’s a plate for every palate.<BR><BR>Grilled cuts made with salmon, slow-cooked and basted in a savory gravy<BR><BR>Highly palatable gourmet wet cat food<BR><BR>Made with high-quality ingredients<BR><BR>Provides 100% complete and balanced nutrition for everyday feeding<BR><BR>A great way to add moisture to your cat’s diet<BR><BR>Comes in a convenient single-serve can<BR><BR>Available in a variety of different flavours to keep mealtime exciting",
            "ingredients": "Fish Broth, Salmon, Liver Wheat Gluten, Meat By-Products, Chicken, Corn Starch-Modified, Artificial and Natural Flavors, Salt, Tricalcium Phosphate, Added Color, Soy Protein Concentrate, Minerals [Potassium Chloride, Magnesium Sulfate, Zinc Sulfate, Ferrous Sulfate, Copper Sulfate, Manganese Sulfate, Potassium Iodide], Natural Roasted Beef Flavor, Taurine, Mono and Dicalcium Phosphate, Choline Chloride, Vitamins [Thiamine Mononitrate (Vitamin B-1), Vitamin E Supplement, Niacin (Vitamin B-3), Calcium Pantothenate (Vitamin B-5), Vitamin A Supplement, Menadione Sodium Bisulfite Complex (Vitamin K), Pyridoxine Hydrochloride (Vitamin B-6), Riboflavin Supplement (Vitamin B-2), Vitamin B-12 Supplement, Biotin (Vitamin B-7), Folic Acid (Vitamin B-9), Vitamin D-3 Supplement]. D-6926.",
            "nutritionalinformation": null,
            "storageinstructions": null,
            "usageinstructions": null,
            "brand": "fancy feast",
            "manufacturer": null,
            "countryoforigin": null,
            "productheightmm": null,
            "productwidthmm": null,
            "productdepthmm": null,
            "wool_productpackaging": null,
            "recyclableinformation": null,
            "importantinformation": null,
            "allergencontains": null,
            "allergenmaybepresent": null,
            "allergystatement": null,
            "lifestyleanddietarystatement": null,
            "lifestyleclaim": null,
            "wool_dietaryclaim": null,
            "boxedcontents": null,
            "suitablefor": null,
            "fragrance": null,
            "colour": null,
            "antioxidant": "False",
            "addedvitaminsandminerals": "False",
            "bpafree": "False",
            "sulfatefree": "False",
            "parabenfree": "False",
            "claims": null,
            "alcoholfree": null,
            "anti-dandruff": null,
            "dermatologicallyapproved": null,
            "dermatologistrecommended": null,
            "dermatologisttested": null,
            "fragrance-free": null,
            "haircolour": null,
            "hairtype": null,
            "hypo-allergenic": null,
            "non-comedogenic": null,
            "oilfree": null,
            "ophthalmologistapproved": null,
            "ophthalmologisttested": null,
            "paba-free": null,
            "skincondition": null,
            "skintype": null,
            "soap-free": null,
            "spf": null,
            "sweatresistant": null,
            "timer": null,
            "waterresistant": null,
            "phbalanced": null,
            "antiseptic": "False",
            "antibacterial": "False",
            "activeconstituents": null,
            "contains": null,
            "microwavesafe": "False",
            "productimagecount": "8",
            "friendlydisclaimer": null,
            "productimages": "268269.jpg,268269_1.jpg,268269_2.jpg,268269_6.jpg,268269_7.jpg,268269_8.jpg,268269_9.jpg,268269_10.jpg",
            "healthstarrating": "0",
            "tgawarnings": null,
            "vendorarticleid": null,
            "vendorcostprice": null,
            "tgawarning": null
          },
          "DetailsImagePaths": [
            "https://cdn0.woolworths.media/content/wowproductimages/large/268269.jpg"
          ],
          "Variety": "Gravy Grilled Wet Cat Food",
          "Rating": {
            "ReviewCount": 0,
            "RatingCount": 0,
            "RatingSum": 0,
            "OneStarCount": 0,
            "TwoStarCount": 0,
            "ThreeStarCount": 0,
            "FourStarCount": 0,
            "FiveStarCount": 0,
            "Average": 0,
            "OneStarPercentage": 0,
            "TwoStarPercentage": 0,
            "ThreeStarPercentage": 0,
            "FourStarPercentage": 0,
            "FiveStarPercentage": 0
          },
          "HasProductSubs": false,
          "IsSponsoredAd": false,
          "AdID": null,
          "AdIndex": null,
          "IsMarketProduct": false,
          "IsGiftable": false,
          "Vendor": null,
          "Untraceable": false,
          "ThirdPartyProductInfo": null,
          "MarketFeatures": null,
          "MarketSpecifications": null,
          "SupplyLimitSource": "ProductLimit",
          "Tags": null,
          "IsPersonalisedByPurchaseHistory": false,
          "IsFromFacetedSearch": false,
          "NextAvailabilityDate": "2022-01-26T00:00:00.0000000Z"
        }
      ],
      "Name": "Fancy Feast Adult Classic Salmon Feast Gravy Grilled Wet Cat Food",
      "DisplayName": "Fancy Feast Adult Classic Salmon Feast Gravy Grilled Wet Cat Food 85g"
    },
    {
      "Products": [
        {
          "TileID": 0,
          "Stockcode": 268308,
          "Barcode": "50000429448",
          "GtinFormat": 0,
          "CupPrice": 1.71,
          "InstoreCupPrice": 1.71,
          "CupMeasure": "100G",
          "CupString": "$1.71 / 100G",
          "InstoreCupString": "$1.71 / 100G",
          "HasCupPrice": true,
          "InstoreHasCupPrice": true,
          "Price": 1.45,
          "InstorePrice": 1.45,
          "Name": "Fancy Feast Adult Classic Savory Salmon Feast Patè Wet Cat Food",
          "DisplayName": "Fancy Feast Adult Classic Savory Salmon Feast Patè Wet Cat Food 85g",
          "UrlFriendlyName": "fancy-feast-adult-classic-savory-salmon-feast-pat-wet-cat-food",
          "Description": " Fancy Feast Adult Classic<br>Savory Salmon Feast... 85G",
          "SmallImageFile": "https://cdn0.woolworths.media/content/wowproductimages/small/268308.jpg",
          "MediumImageFile": "https://cdn0.woolworths.media/content/wowproductimages/medium/268308.jpg",
          "LargeImageFile": "https://cdn0.woolworths.media/content/wowproductimages/large/268308.jpg",
          "IsNew": false,
          "IsOnSpecial": false,
          "InstoreIsOnSpecial": false,
          "IsEdrSpecial": false,
          "SavingsAmount": 0,
          "InstoreSavingsAmount": 0,
          "WasPrice": 1.45,
          "InstoreWasPrice": 1.45,
          "QuantityInTrolley": 0,
          "Unit": "Each",
          "MinimumQuantity": 1,
          "HasBeenBoughtBefore": false,
          "IsInTrolley": false,
          "Source": "SpecialsGroup.Buy More Save More",
          "SupplyLimit": 36,
          "MaxSupplyLimitMessage": "36 item limit",
          "IsRanged": true,
          "IsInStock": true,
          "PackageSize": "85G",
          "IsPmDelivery": false,
          "IsForCollection": true,
          "IsForDelivery": true,
          "IsForExpress": true,
          "ProductRestrictionMessage": null,
          "ProductWarningMessage": null,
          "CentreTag": {
            "TagContent": null,
            "TagLink": null,
            "FallbackText": null,
            "TagType": "None",
            "MultibuyData": null,
            "TagContentText": null,
            "DualImageTagContent": null
          },
          "IsCentreTag": false,
          "ImageTag": {
            "TagContent": null,
            "TagLink": null,
            "FallbackText": "",
            "TagType": "None",
            "MultibuyData": null,
            "TagContentText": null,
            "DualImageTagContent": null
          },
          "HeaderTag": null,
          "HasHeaderTag": false,
          "UnitWeightInGrams": 0,
          "SupplyLimitMessage": "'Fancy Feast Adult Classic Savory Salmon Feast Patè Wet Cat Food' has a supply limit of 36. The quantity in your cart has been reduced accordingly. To purchase a larger quantity, please contact us on 1800 000 610. Please note we do not supply trade orders.",
          "SmallFormatDescription": "Fancy Feast Adult Classic Savory Salmon Feast Patè Wet Cat Food",
          "FullDescription": "Fancy Feast Adult Classic Savory Salmon Feast Patè Wet Cat Food",
          "IsAvailable": true,
          "InstoreIsAvailable": true,
          "IsPurchasable": true,
          "InstoreIsPurchasable": true,
          "AgeRestricted": false,
          "DisplayQuantity": 1,
          "RichDescription": null,
          "IsDeliveryPass": false,
          "HideWasSavedPrice": false,
          "SapCategories": null,
          "Brand": "Fancy Feast",
          "IsRestrictedByDeliveryMethod": false,
          "FooterTag": {
            "TagContent": null,
            "TagLink": null,
            "FallbackText": null,
            "TagType": "None",
            "MultibuyData": null,
            "TagContentText": null,
            "DualImageTagContent": null
          },
          "IsFooterEnabled": false,
          "Diagnostics": "76",
          "IsBundle": false,
          "IsInFamily": false,
          "ChildProducts": null,
          "UrlOverride": null,
          "AdditionalAttributes": {
            "sapdepartmentname": "GROCERIES",
            "sapdepartmentno": "5",
            "sapcategoryname": "PET FOOD",
            "sapcategoryno": "49",
            "sapsubcategoryname": "PET NEEDS - CAT FOOD WET",
            "sapsubcategoryno": "187",
            "sapsegmentname": "WET CAT SINGLE SERVE",
            "sapsegmentno": "1",
            "specialsgroupid": "3656",
            "PiesProductDepartmentNodeId": "1_61D6FEB",
            "PiesProductDepartmentsjson": "[{\"Id\":\"1_61D6FEB\",\"Description\":\"Pet\"}]",
            "piesdepartmentnamesjson": "[\"Pet\"]",
            "piescategorynamesjson": "[\"Cat & Kitten\"]",
            "piessubcategorynamesjson": "[\"Trays & Cans Cat Food\"]",
            "servingsize-total-nip": null,
            "servingsperpack-total-nip": null,
            "microwaveable": "False",
            "ovencook": "False",
            "vegetarian": "False",
            "freezable": "False",
            "containsnuts": "False",
            "containsgluten": "False",
            "description": "<p>Make every day delicious with FANCY FEAST Classic recipes. An extensive array of delicious, mouth-watering flavours and tantalising textures your cat will love.FANCY FEAST Classic Savory Salmon Feast Patè is a highly palatable, gourmet wet cat food made for adult cats. A finely ground paté made with real salmon. A glorious feast for your cat! All FANCY FEAST Classic recipes are 100% complete and balanced, with the goodness of high protein and the essential vitamins and minerals your cat needs, making mealtime delicious and nutritious.<BR><BR>Make every day delicious with FANCY FEAST Classic recipes. An extensive array of delicious, mouth-watering flavours and tantalising textures your cat will love.<br/><br/>FANCY FEAST Classic Savory Salmon Feast Patè is a highly palatable, gourmet wet cat food made for adult cats. A finely ground paté made with real salmon. A glorious feast for your cat! <br/><br/>All FANCY FEAST Classic recipes are 100% complete and balanced, with the goodness of high protein and the essential vitamins and minerals your cat needs, making mealtime delicious and nutritious. <br/><br/>Each recipe comes in an easy-to-open and easy-to-serve 85g can that makes mealtime simple and hassle free. Serve alone or mix with dry food for a delectable texture, and a great way to add moisture to your cat’s diet. If your cat craves a variety of flavour combinations, try some of the other recipes within our range to keep her excited. <br/><br/>No one loves your cat like you do – and no one loves helping you find ways to delight your cat like FANCY FEAST. FANCY FEAST has been setting the standard in gourmet cat food since 1982, creating and crafting unique taste experiences time and again. Delicious tastes. Irresistible textures. Thoughtful details. Each FANCY FEAST recipe has been carefully crafted using high quality ingredients because your cat deserves nothing but the best. Your cat will taste the love with every delicious bite, and you will feel good about what you put in her dish. With over 60 irresistible recipes in the range, there’s a plate for every palate.<BR><BR>Finely ground paté made with real salmon<BR><BR>Highly palatable gourmet wet cat food<BR><BR>Made with high-quality ingredients<BR><BR>Provides 100% complete and balanced nutrition for everyday feeding<BR><BR>A great way to add moisture to your cat’s diet<BR><BR>Comes in a convenient single-serve can<BR><BR>Available in a variety of different flavours to keep mealtime exciting</p>",
            "ingredients": "Salmon, Liver Meat By-Products, Fish Broth, Fish, Turkey, Artificial And Natural Flavours, Tricalcium Phosphate, Added Color, Guar Gum, Minerals [Potassium Chloride, Magnesium Sulfate, Mono And Dicalcium Phosphate, Zinc Sulfate, Ferrous Sulfate, Copper Sulfate, Manganese Sulfate, Potassium Iodide], Salt, Taurine, Red 3, Vitamins [ Thiamine Mononitrate (Vitamin B-1), Vitamin E Supplement, Niacin (Vitamin B-3), Calcium Pantothenate (Vitamin B-5), Vitamin A Supplement, Menadione Sodium Bisulfite Complex (Vitamin K), Pyridoxine Hydrochloride (Vitamin B-6), Riboflavin Supplement (Vitamin B-2), Vitamin B-12 Supplement, Biotin (Vitamin B-7), Folic Acid (Vitamin B-9), Vitamin D-3 Supplement], Sodium Nitrite (To Promote Color Retention). D667618.",
            "nutritionalinformation": null,
            "storageinstructions": null,
            "usageinstructions": null,
            "brand": "fancy feast",
            "manufacturer": null,
            "countryoforigin": null,
            "productheightmm": null,
            "productwidthmm": null,
            "productdepthmm": null,
            "wool_productpackaging": null,
            "recyclableinformation": null,
            "importantinformation": null,
            "allergencontains": null,
            "allergenmaybepresent": null,
            "allergystatement": null,
            "lifestyleanddietarystatement": null,
            "lifestyleclaim": null,
            "wool_dietaryclaim": null,
            "boxedcontents": null,
            "suitablefor": null,
            "fragrance": null,
            "colour": null,
            "antioxidant": "False",
            "addedvitaminsandminerals": "False",
            "bpafree": "False",
            "sulfatefree": "False",
            "parabenfree": "False",
            "claims": null,
            "alcoholfree": null,
            "anti-dandruff": null,
            "dermatologicallyapproved": null,
            "dermatologistrecommended": null,
            "dermatologisttested": null,
            "fragrance-free": null,
            "haircolour": null,
            "hairtype": null,
            "hypo-allergenic": null,
            "non-comedogenic": null,
            "oilfree": null,
            "ophthalmologistapproved": null,
            "ophthalmologisttested": null,
            "paba-free": null,
            "skincondition": null,
            "skintype": null,
            "soap-free": null,
            "spf": null,
            "sweatresistant": null,
            "timer": null,
            "waterresistant": null,
            "phbalanced": null,
            "antiseptic": "False",
            "antibacterial": "False",
            "activeconstituents": null,
            "contains": null,
            "microwavesafe": "False",
            "productimagecount": "2",
            "friendlydisclaimer": null,
            "productimages": "268308.jpg,268308_2.jpg",
            "healthstarrating": "0",
            "tgawarnings": null,
            "vendorarticleid": null,
            "vendorcostprice": null,
            "tgawarning": null
          },
          "DetailsImagePaths": [
            "https://cdn0.woolworths.media/content/wowproductimages/large/268308.jpg"
          ],
          "Variety": "Feast Patè Wet Cat Food",
          "Rating": {
            "ReviewCount": 0,
            "RatingCount": 0,
            "RatingSum": 0,
            "OneStarCount": 0,
            "TwoStarCount": 0,
            "ThreeStarCount": 0,
            "FourStarCount": 0,
            "FiveStarCount": 0,
            "Average": 0,
            "OneStarPercentage": 0,
            "TwoStarPercentage": 0,
            "ThreeStarPercentage": 0,
            "FourStarPercentage": 0,
            "FiveStarPercentage": 0
          },
          "HasProductSubs": false,
          "IsSponsoredAd": false,
          "AdID": null,
          "AdIndex": null,
          "IsMarketProduct": false,
          "IsGiftable": false,
          "Vendor": null,
          "Untraceable": false,
          "ThirdPartyProductInfo": null,
          "MarketFeatures": null,
          "MarketSpecifications": null,
          "SupplyLimitSource": "ProductLimit",
          "Tags": null,
          "IsPersonalisedByPurchaseHistory": false,
          "IsFromFacetedSearch": false,
          "NextAvailabilityDate": "2022-01-26T00:00:00.0000000Z"
        }
      ],
      "Name": "Fancy Feast Adult Classic Savory Salmon Feast Patè Wet Cat Food",
      "DisplayName": "Fancy Feast Adult Classic Savory Salmon Feast Patè Wet Cat Food 85g"
    },
    {
      "Products": [
        {
          "TileID": 0,
          "Stockcode": 179502,
          "Barcode": "93475792",
          "GtinFormat": 8,
          "CupPrice": 1.71,
          "InstoreCupPrice": 1.71,
          "CupMeasure": "100G",
          "CupString": "$1.71 / 100G",
          "InstoreCupString": "$1.71 / 100G",
          "HasCupPrice": true,
          "InstoreHasCupPrice": true,
          "Price": 1.45,
          "InstorePrice": 1.45,
          "Name": "Fancy Feast Adult Classic Tuna Feast In Gravy Grilled Wet Cat Food",
          "DisplayName": "Fancy Feast Adult Classic Tuna Feast In Gravy Grilled Wet Cat Food 85g",
          "UrlFriendlyName": "fancy-feast-adult-classic-tuna-feast-in-gravy-grilled-wet-cat-food",
          "Description": " Fancy Feast Adult Classic<br>Tuna Feast In Gravy... 85G",
          "SmallImageFile": "https://cdn0.woolworths.media/content/wowproductimages/small/179502.jpg",
          "MediumImageFile": "https://cdn0.woolworths.media/content/wowproductimages/medium/179502.jpg",
          "LargeImageFile": "https://cdn0.woolworths.media/content/wowproductimages/large/179502.jpg",
          "IsNew": false,
          "IsOnSpecial": false,
          "InstoreIsOnSpecial": false,
          "IsEdrSpecial": false,
          "SavingsAmount": 0,
          "InstoreSavingsAmount": 0,
          "WasPrice": 1.45,
          "InstoreWasPrice": 1.45,
          "QuantityInTrolley": 0,
          "Unit": "Each",
          "MinimumQuantity": 1,
          "HasBeenBoughtBefore": false,
          "IsInTrolley": false,
          "Source": "SpecialsGroup.Buy More Save More",
          "SupplyLimit": 36,
          "MaxSupplyLimitMessage": "36 item limit",
          "IsRanged": true,
          "IsInStock": true,
          "PackageSize": "85G",
          "IsPmDelivery": false,
          "IsForCollection": true,
          "IsForDelivery": true,
          "IsForExpress": true,
          "ProductRestrictionMessage": null,
          "ProductWarningMessage": null,
          "CentreTag": {
            "TagContent": null,
            "TagLink": null,
            "FallbackText": null,
            "TagType": "None",
            "MultibuyData": null,
            "TagContentText": null,
            "DualImageTagContent": null
          },
          "IsCentreTag": false,
          "ImageTag": {
            "TagContent": null,
            "TagLink": null,
            "FallbackText": "",
            "TagType": "None",
            "MultibuyData": null,
            "TagContentText": null,
            "DualImageTagContent": null
          },
          "HeaderTag": null,
          "HasHeaderTag": false,
          "UnitWeightInGrams": 0,
          "SupplyLimitMessage": "'Fancy Feast Adult Classic Tuna Feast In Gravy Grilled Wet Cat Food' has a supply limit of 36. The quantity in your cart has been reduced accordingly. To purchase a larger quantity, please contact us on 1800 000 610. Please note we do not supply trade orders.",
          "SmallFormatDescription": "Fancy Feast Adult Classic Tuna Feast In Gravy Grilled Wet Cat Food",
          "FullDescription": "Fancy Feast Adult Classic Tuna Feast In Gravy Grilled Wet Cat Food",
          "IsAvailable": true,
          "InstoreIsAvailable": true,
          "IsPurchasable": true,
          "InstoreIsPurchasable": true,
          "AgeRestricted": false,
          "DisplayQuantity": 1,
          "RichDescription": null,
          "IsDeliveryPass": false,
          "HideWasSavedPrice": false,
          "SapCategories": null,
          "Brand": "Fancy Feast",
          "IsRestrictedByDeliveryMethod": false,
          "FooterTag": {
            "TagContent": null,
            "TagLink": null,
            "FallbackText": null,
            "TagType": "None",
            "MultibuyData": null,
            "TagContentText": null,
            "DualImageTagContent": null
          },
          "IsFooterEnabled": false,
          "Diagnostics": "77",
          "IsBundle": false,
          "IsInFamily": false,
          "ChildProducts": null,
          "UrlOverride": null,
          "AdditionalAttributes": {
            "sapdepartmentname": "GROCERIES",
            "sapdepartmentno": "5",
            "sapcategoryname": "PET FOOD",
            "sapcategoryno": "49",
            "sapsubcategoryname": "PET NEEDS - CAT FOOD WET",
            "sapsubcategoryno": "187",
            "sapsegmentname": "WET CAT SINGLE SERVE",
            "sapsegmentno": "1",
            "specialsgroupid": "3656",
            "PiesProductDepartmentNodeId": "1_61D6FEB",
            "PiesProductDepartmentsjson": "[{\"Id\":\"1_61D6FEB\",\"Description\":\"Pet\"}]",
            "piesdepartmentnamesjson": "[\"Pet\"]",
            "piescategorynamesjson": "[\"Cat & Kitten\"]",
            "piessubcategorynamesjson": "[\"Trays & Cans Cat Food\"]",
            "servingsize-total-nip": null,
            "servingsperpack-total-nip": null,
            "microwaveable": "False",
            "ovencook": "False",
            "vegetarian": "False",
            "freezable": "False",
            "containsnuts": "False",
            "containsgluten": "False",
            "description": "<p>Make every day delicious with FANCY FEAST Classic recipes. An extensive array of delicious, mouth-watering flavours and tantalising textures your cat will love.FANCY FEAST Classic Grilled Tuna Feast In Gravy is a highly palatable, gourmet wet cat food made for adult cats. Grilled cuts made with tuna, slow-cooked to perfection and basted in a savory gravy. A glorious feast for your cat! All FANCY FEAST Classic recipes are 100% complete and balanced, with the goodness of high protein and the essential vitamins and minerals your cat needs, making mealtime delicious and nutritious.<BR><BR>Make every day delicious with FANCY FEAST Classic recipes. An extensive array of delicious, mouth-watering flavours and tantalising textures your cat will love.<br/> <br/>FANCY FEAST Classic Grilled Tuna Feast In Gravy is a highly palatable, gourmet wet cat food made for adult cats. Grilled cuts made with tuna, slow-cooked to perfection and basted in a savory gravy. A glorious feast for your cat! <br/><br/>All FANCY FEAST Classic recipes are 100% complete and balanced, with the goodness of high protein and the essential vitamins and minerals your cat needs, making mealtime delicious and nutritious. <br/><br/>Each recipe comes in an easy-to-open and easy-to-serve 85g can that makes mealtime simple and hassle free. Serve alone or mix with dry food for a delectable texture, and a great way to add moisture to your cat’s diet. If your cat craves a variety of flavour combinations, try some of the other recipes within our range to keep her excited. <br/><br/>No one loves your cat like you do – and no one loves helping you find ways to delight your cat like FANCY FEAST. FANCY FEAST has been setting the standard in gourmet cat food since 1982, creating and crafting unique taste experiences time and again. Delicious tastes. Irresistible textures. Thoughtful details. Each FANCY FEAST recipe has been carefully crafted using high quality ingredients because your cat deserves nothing but the best. Your cat will taste the love with every delicious bite, and you will feel good about what you put in her dish. With over 60 irresistible recipes in the range, there’s a plate for every palate.<BR><BR>Grilled cuts made with tuna, slow-cooked and basted in a savory gravy<BR><BR>Highly palatable gourmet wet cat food<BR><BR>Made with high-quality ingredients<BR><BR>Provides 100% complete and balanced nutrition for everyday feeding<BR><BR>A great way to add moisture to your cat’s diet<BR><BR>Comes in a convenient single-serve can<BR><BR>Available in a variety of different flavours to keep mealtime exciting</p>",
            "ingredients": "Fish Broth, Tuna, Wheat Gluten, Liver, Chicken, Meat By-Products, Corn Starch-Modified, Artificial and Natural Flavors, Corn Oil, Tricalcium Phosphate, Salt, Soy Protein Concentrate, Added Color, Minerals [Potassium Chloride, Magnesium Sulfate, Zinc Sulfate, Ferrous Sulfate, Copper Sulfate, Manganese Sulfate, Potassium Iodide], Taurine, Choline Chloride, Vitamins [Thiamine Mononitrate (Vitamin B-1), Vitamin E Supplement, Niacin (Vitamin B-3), Calcium Pantothenate (Vitamin B-5), Vitamin A Supplement, Menadione Sodium Bisulfite Complex (Vitamin K), Pyridoxine Hydrochloride (Vitamin B-6), Riboflavin Supplement (Vitamin B-2), Vitamin B-12 Supplement, Biotin (Vitamin B-7), Folic Acid (Vitamin B-9), Vitamin D-3 Supplement], Red 3. D-6929.",
            "nutritionalinformation": null,
            "storageinstructions": null,
            "usageinstructions": null,
            "brand": "fancy feast",
            "manufacturer": null,
            "countryoforigin": null,
            "productheightmm": null,
            "productwidthmm": null,
            "productdepthmm": null,
            "wool_productpackaging": null,
            "recyclableinformation": null,
            "importantinformation": null,
            "allergencontains": "Cereals, Fish",
            "allergenmaybepresent": null,
            "allergystatement": null,
            "lifestyleanddietarystatement": null,
            "lifestyleclaim": null,
            "wool_dietaryclaim": null,
            "boxedcontents": null,
            "suitablefor": null,
            "fragrance": null,
            "colour": null,
            "antioxidant": "False",
            "addedvitaminsandminerals": "False",
            "bpafree": "False",
            "sulfatefree": "False",
            "parabenfree": "False",
            "claims": null,
            "alcoholfree": null,
            "anti-dandruff": null,
            "dermatologicallyapproved": null,
            "dermatologistrecommended": null,
            "dermatologisttested": null,
            "fragrance-free": null,
            "haircolour": null,
            "hairtype": null,
            "hypo-allergenic": null,
            "non-comedogenic": null,
            "oilfree": null,
            "ophthalmologistapproved": null,
            "ophthalmologisttested": null,
            "paba-free": null,
            "skincondition": null,
            "skintype": null,
            "soap-free": null,
            "spf": null,
            "sweatresistant": null,
            "timer": null,
            "waterresistant": null,
            "phbalanced": null,
            "antiseptic": "False",
            "antibacterial": "False",
            "activeconstituents": null,
            "contains": null,
            "microwavesafe": "False",
            "productimagecount": "8",
            "friendlydisclaimer": null,
            "productimages": "179502.jpg,179502_1.jpg,179502_2.jpg,179502_6.jpg,179502_7.jpg,179502_8.jpg,179502_9.jpg,179502_10.jpg",
            "healthstarrating": "0",
            "tgawarnings": null,
            "vendorarticleid": null,
            "vendorcostprice": null,
            "tgawarning": null
          },
          "DetailsImagePaths": [
            "https://cdn0.woolworths.media/content/wowproductimages/large/179502.jpg"
          ],
          "Variety": "Gravy Grilled Wet Cat Food",
          "Rating": {
            "ReviewCount": 0,
            "RatingCount": 0,
            "RatingSum": 0,
            "OneStarCount": 0,
            "TwoStarCount": 0,
            "ThreeStarCount": 0,
            "FourStarCount": 0,
            "FiveStarCount": 0,
            "Average": 0,
            "OneStarPercentage": 0,
            "TwoStarPercentage": 0,
            "ThreeStarPercentage": 0,
            "FourStarPercentage": 0,
            "FiveStarPercentage": 0
          },
          "HasProductSubs": false,
          "IsSponsoredAd": false,
          "AdID": null,
          "AdIndex": null,
          "IsMarketProduct": false,
          "IsGiftable": false,
          "Vendor": null,
          "Untraceable": false,
          "ThirdPartyProductInfo": null,
          "MarketFeatures": null,
          "MarketSpecifications": null,
          "SupplyLimitSource": "ProductLimit",
          "Tags": null,
          "IsPersonalisedByPurchaseHistory": false,
          "IsFromFacetedSearch": false,
          "NextAvailabilityDate": "2022-01-26T00:00:00.0000000Z"
        }
      ],
      "Name": "Fancy Feast Adult Classic Tuna Feast In Gravy Grilled Wet Cat Food",
      "DisplayName": "Fancy Feast Adult Classic Tuna Feast In Gravy Grilled Wet Cat Food 85g"
    },
    {
      "Products": [
        {
          "TileID": 0,
          "Stockcode": 268527,
          "Barcode": "50000040605",
          "GtinFormat": 0,
          "CupPrice": null,
          "InstoreCupPrice": null,
          "CupMeasure": "100G",
          "CupString": "",
          "InstoreCupString": "",
          "HasCupPrice": false,
          "InstoreHasCupPrice": false,
          "Price": null,
          "InstorePrice": null,
          "Name": "Fancy Feast Adult Classic Turkey Feast Gravy Grilled Wet Cat Food",
          "DisplayName": "Fancy Feast Adult Classic Turkey Feast Gravy Grilled Wet Cat Food 85g",
          "UrlFriendlyName": "fancy-feast-adult-classic-turkey-feast-gravy-grilled-wet-cat-food",
          "Description": " Fancy Feast Adult Classic<br>Turkey Feast Gravy... 85G",
          "SmallImageFile": "https://cdn0.woolworths.media/content/wowproductimages/small/268527.jpg",
          "MediumImageFile": "https://cdn0.woolworths.media/content/wowproductimages/medium/268527.jpg",
          "LargeImageFile": "https://cdn0.woolworths.media/content/wowproductimages/large/268527.jpg",
          "IsNew": false,
          "IsOnSpecial": false,
          "InstoreIsOnSpecial": false,
          "IsEdrSpecial": false,
          "SavingsAmount": null,
          "InstoreSavingsAmount": null,
          "WasPrice": 1.45,
          "InstoreWasPrice": 1.45,
          "QuantityInTrolley": 0,
          "Unit": "Each",
          "MinimumQuantity": 1,
          "HasBeenBoughtBefore": false,
          "IsInTrolley": false,
          "Source": "SpecialsGroup.Buy More Save More",
          "SupplyLimit": 36,
          "MaxSupplyLimitMessage": "36 item limit",
          "IsRanged": true,
          "IsInStock": false,
          "PackageSize": "85G",
          "IsPmDelivery": false,
          "IsForCollection": true,
          "IsForDelivery": true,
          "IsForExpress": true,
          "ProductRestrictionMessage": null,
          "ProductWarningMessage": null,
          "CentreTag": {
            "TagContent": null,
            "TagLink": null,
            "FallbackText": null,
            "TagType": "None",
            "MultibuyData": null,
            "TagContentText": null,
            "DualImageTagContent": null
          },
          "IsCentreTag": false,
          "ImageTag": {
            "TagContent": null,
            "TagLink": null,
            "FallbackText": null,
            "TagType": "None",
            "MultibuyData": null,
            "TagContentText": null,
            "DualImageTagContent": null
          },
          "HeaderTag": null,
          "HasHeaderTag": false,
          "UnitWeightInGrams": 0,
          "SupplyLimitMessage": "'Fancy Feast Adult Classic Turkey Feast Gravy Grilled Wet Cat Food' has a supply limit of 36. The quantity in your cart has been reduced accordingly. To purchase a larger quantity, please contact us on 1800 000 610. Please note we do not supply trade orders.",
          "SmallFormatDescription": "Fancy Feast Adult Classic Turkey Feast Gravy Grilled Wet Cat Food",
          "FullDescription": "Fancy Feast Adult Classic Turkey Feast Gravy Grilled Wet Cat Food",
          "IsAvailable": false,
          "InstoreIsAvailable": false,
          "IsPurchasable": false,
          "InstoreIsPurchasable": false,
          "AgeRestricted": false,
          "DisplayQuantity": 1,
          "RichDescription": null,
          "IsDeliveryPass": false,
          "HideWasSavedPrice": true,
          "SapCategories": null,
          "Brand": "Fancy Feast",
          "IsRestrictedByDeliveryMethod": false,
          "FooterTag": {
            "TagContent": null,
            "TagLink": null,
            "FallbackText": null,
            "TagType": "None",
            "MultibuyData": null,
            "TagContentText": null,
            "DualImageTagContent": null
          },
          "IsFooterEnabled": false,
          "Diagnostics": "78",
          "IsBundle": false,
          "IsInFamily": false,
          "ChildProducts": null,
          "UrlOverride": null,
          "AdditionalAttributes": {
            "sapdepartmentname": "GROCERIES",
            "sapdepartmentno": "5",
            "sapcategoryname": "PET FOOD",
            "sapcategoryno": "49",
            "sapsubcategoryname": "PET NEEDS - CAT FOOD WET",
            "sapsubcategoryno": "187",
            "sapsegmentname": "WET CAT SINGLE SERVE",
            "sapsegmentno": "1",
            "specialsgroupid": "3656",
            "PiesProductDepartmentNodeId": "1_61D6FEB",
            "PiesProductDepartmentsjson": "[{\"Id\":\"1_61D6FEB\",\"Description\":\"Pet\"}]",
            "piesdepartmentnamesjson": "[\"Pet\"]",
            "piescategorynamesjson": "[\"Cat & Kitten\"]",
            "piessubcategorynamesjson": "[\"Trays & Cans Cat Food\"]",
            "servingsize-total-nip": null,
            "servingsperpack-total-nip": null,
            "microwaveable": "False",
            "ovencook": "False",
            "vegetarian": "False",
            "freezable": "False",
            "containsnuts": "False",
            "containsgluten": "False",
            "description": "<p>Make every day delicious with FANCY FEAST Classic recipes. An extensive array of delicious, mouth-watering flavours and tantalising textures your cat will love. FANCY FEAST Classic Grilled Turkey Feast In Gravy is a highly palatable, gourmet wet cat food made for adult cats. Grilled cuts made with turkey, slow-cooked to perfection and basted in a savory gravy. A glorious feast for your cat! All FANCY FEAST Classic recipes are 100% complete and balanced, with the goodness of high protein and the essential vitamins and minerals your cat needs, making mealtime delicious and nutritious.<BR><BR>Make every day delicious with FANCY FEAST Classic recipes. An extensive array of delicious, mouth-watering flavours and tantalising textures your cat will love.<br/><br/>Each recipe comes in an easy-to-open and easy-to-serve 85g can that makes mealtime simple and hassle free. Serve alone or mix with dry food for a delectable texture, and a great way to add moisture to your cat’s diet. If your cat craves a variety of flavour combinations, try some of the other recipes within our range to keep her excited. <br/><br/>No one loves your cat like you do – and no one loves helping you find ways to delight your cat like FANCY FEAST. FANCY FEAST has been setting the standard in gourmet cat food since 1982, creating and crafting unique taste experiences time and again. Delicious tastes. Irresistible textures. Thoughtful details. Each FANCY FEAST recipe has been carefully crafted using high quality ingredients because your cat deserves nothing but the best. Your cat will taste the love with every delicious bite, and you will feel good about what you put in her dish. With over 60 irresistible recipes in the range, there’s a plate for every palate.<BR><BR>Grilled cuts made with turkey, slow-cooked and basted in a savory gravy<BR><BR>Highly palatable gourmet wet cat food<BR><BR>Made with high-quality ingredients<BR><BR>Provides 100% complete and balanced nutrition for everyday feeding<BR><BR>A great way to add moisture to your cat’s diet<BR><BR>Comes in a convenient single-serve can<BR><BR>Available in a variety of different flavours to keep mealtime exciting</p>",
            "ingredients": "Turkey Broth, Turkey, Liver Wheat Gluten, Meat by-products, Corn Starch-Modified, Artificial and Natural flavors, Salt, Soy Protein Concentrate, Tricalcium Phosphate, Added Color.<br><br>Minerals: [Potassium Chloride, Magnesium Sulfate, Zinc Sulfate, Ferrous Sulfate, Copper Sulfate, Manganese Sulfate, Potassium Iodide], Taurine, Choline Chloride.<br><br>Vitamins: [Thiamine Mononitrate (Vitamin B-1), Vitamin E Supplement, Niacin, (Vitamin B-3), Calcium Pantothenate (Vitamin B-5), Vitamin A Supplement, Menadione Sodium Bisulfite Complex (Vitamin K), Pyridoxine Hydrochloride (Vitamin B-6) Riboflavin Supplement (Vitamin B-2), Vitamin B-12 Supplement, Biotin (Vitamin B-7), Folic Acid (Vitamin B-9), Vitamin D-3 Supplement]. <br><br>FancyFeast.com/ingredients",
            "nutritionalinformation": null,
            "storageinstructions": null,
            "usageinstructions": null,
            "brand": "fancy feast",
            "manufacturer": null,
            "countryoforigin": null,
            "productheightmm": null,
            "productwidthmm": null,
            "productdepthmm": null,
            "wool_productpackaging": null,
            "recyclableinformation": null,
            "importantinformation": null,
            "allergencontains": null,
            "allergenmaybepresent": null,
            "allergystatement": null,
            "lifestyleanddietarystatement": null,
            "lifestyleclaim": null,
            "wool_dietaryclaim": null,
            "boxedcontents": null,
            "suitablefor": null,
            "fragrance": null,
            "colour": null,
            "antioxidant": "False",
            "addedvitaminsandminerals": "False",
            "bpafree": "False",
            "sulfatefree": "False",
            "parabenfree": "False",
            "claims": null,
            "alcoholfree": null,
            "anti-dandruff": null,
            "dermatologicallyapproved": null,
            "dermatologistrecommended": null,
            "dermatologisttested": null,
            "fragrance-free": null,
            "haircolour": null,
            "hairtype": null,
            "hypo-allergenic": null,
            "non-comedogenic": null,
            "oilfree": null,
            "ophthalmologistapproved": null,
            "ophthalmologisttested": null,
            "paba-free": null,
            "skincondition": null,
            "skintype": null,
            "soap-free": null,
            "spf": null,
            "sweatresistant": null,
            "timer": null,
            "waterresistant": null,
            "phbalanced": null,
            "antiseptic": "False",
            "antibacterial": "False",
            "activeconstituents": null,
            "contains": null,
            "microwavesafe": "False",
            "productimagecount": "9",
            "friendlydisclaimer": null,
            "productimages": "268527.jpg,268527_1.jpg,268527_2.jpg,268527_5.jpg,268527_6.jpg,268527_7.jpg,268527_8.jpg,268527_9.jpg,268527_10.jpg",
            "healthstarrating": "0",
            "tgawarnings": null,
            "vendorarticleid": null,
            "vendorcostprice": null,
            "tgawarning": null
          },
          "DetailsImagePaths": [
            "https://cdn0.woolworths.media/content/wowproductimages/large/268527.jpg"
          ],
          "Variety": "Gravy Grilled Wet Cat Food",
          "Rating": {
            "ReviewCount": 0,
            "RatingCount": 0,
            "RatingSum": 0,
            "OneStarCount": 0,
            "TwoStarCount": 0,
            "ThreeStarCount": 0,
            "FourStarCount": 0,
            "FiveStarCount": 0,
            "Average": 0,
            "OneStarPercentage": 0,
            "TwoStarPercentage": 0,
            "ThreeStarPercentage": 0,
            "FourStarPercentage": 0,
            "FiveStarPercentage": 0
          },
          "HasProductSubs": false,
          "IsSponsoredAd": false,
          "AdID": null,
          "AdIndex": null,
          "IsMarketProduct": false,
          "IsGiftable": false,
          "Vendor": null,
          "Untraceable": false,
          "ThirdPartyProductInfo": null,
          "MarketFeatures": null,
          "MarketSpecifications": null,
          "SupplyLimitSource": "ProductLimit",
          "Tags": null,
          "IsPersonalisedByPurchaseHistory": false,
          "IsFromFacetedSearch": false,
          "NextAvailabilityDate": "2022-01-28T00:00:00.0000000Z"
        }
      ],
      "Name": "Fancy Feast Adult Classic Turkey Feast Gravy Grilled Wet Cat Food",
      "DisplayName": "Fancy Feast Adult Classic Turkey Feast Gravy Grilled Wet Cat Food 85g"
    },
    {
      "Products": [
        {
          "TileID": 0,
          "Stockcode": 382716,
          "Barcode": "50000579310",
          "GtinFormat": 0,
          "CupPrice": 1.71,
          "InstoreCupPrice": 1.71,
          "CupMeasure": "100G",
          "CupString": "$1.71 / 100G",
          "InstoreCupString": "$1.71 / 100G",
          "HasCupPrice": true,
          "InstoreHasCupPrice": true,
          "Price": 1.45,
          "InstorePrice": 1.45,
          "Name": "Fancy Feast Adult Delights Chicken & Cheddar Cheese Wet Cat Food",
          "DisplayName": "Fancy Feast Adult Delights Chicken & Cheddar Cheese Wet Cat Food 85g",
          "UrlFriendlyName": "fancy-feast-adult-delights-chicken-cheddar-cheese-wet-cat-food",
          "Description": " Fancy Feast Adult Delights<br>Chicken & Cheddar... 85G",
          "SmallImageFile": "https://cdn0.woolworths.media/content/wowproductimages/small/382716.jpg",
          "MediumImageFile": "https://cdn0.woolworths.media/content/wowproductimages/medium/382716.jpg",
          "LargeImageFile": "https://cdn0.woolworths.media/content/wowproductimages/large/382716.jpg",
          "IsNew": false,
          "IsOnSpecial": false,
          "InstoreIsOnSpecial": false,
          "IsEdrSpecial": false,
          "SavingsAmount": 0,
          "InstoreSavingsAmount": 0,
          "WasPrice": 1.45,
          "InstoreWasPrice": 1.45,
          "QuantityInTrolley": 0,
          "Unit": "Each",
          "MinimumQuantity": 1,
          "HasBeenBoughtBefore": false,
          "IsInTrolley": false,
          "Source": "SpecialsGroup.Buy More Save More",
          "SupplyLimit": 36,
          "MaxSupplyLimitMessage": "36 item limit",
          "IsRanged": true,
          "IsInStock": true,
          "PackageSize": "85G",
          "IsPmDelivery": false,
          "IsForCollection": true,
          "IsForDelivery": true,
          "IsForExpress": true,
          "ProductRestrictionMessage": null,
          "ProductWarningMessage": null,
          "CentreTag": {
            "TagContent": null,
            "TagLink": null,
            "FallbackText": null,
            "TagType": "None",
            "MultibuyData": null,
            "TagContentText": null,
            "DualImageTagContent": null
          },
          "IsCentreTag": false,
          "ImageTag": {
            "TagContent": null,
            "TagLink": null,
            "FallbackText": "",
            "TagType": "None",
            "MultibuyData": null,
            "TagContentText": null,
            "DualImageTagContent": null
          },
          "HeaderTag": null,
          "HasHeaderTag": false,
          "UnitWeightInGrams": 0,
          "SupplyLimitMessage": "'Fancy Feast Adult Delights Chicken & Cheddar Cheese Wet Cat Food' has a supply limit of 36. The quantity in your cart has been reduced accordingly. To purchase a larger quantity, please contact us on 1800 000 610. Please note we do not supply trade orders.",
          "SmallFormatDescription": "Fancy Feast Adult Delights Chicken & Cheddar Cheese Wet Cat Food",
          "FullDescription": "Fancy Feast Adult Delights Chicken & Cheddar Cheese Wet Cat Food",
          "IsAvailable": true,
          "InstoreIsAvailable": true,
          "IsPurchasable": true,
          "InstoreIsPurchasable": true,
          "AgeRestricted": false,
          "DisplayQuantity": 1,
          "RichDescription": null,
          "IsDeliveryPass": false,
          "HideWasSavedPrice": false,
          "SapCategories": null,
          "Brand": "Fancy Feast",
          "IsRestrictedByDeliveryMethod": false,
          "FooterTag": {
            "TagContent": null,
            "TagLink": null,
            "FallbackText": null,
            "TagType": "None",
            "MultibuyData": null,
            "TagContentText": null,
            "DualImageTagContent": null
          },
          "IsFooterEnabled": false,
          "Diagnostics": "79",
          "IsBundle": false,
          "IsInFamily": false,
          "ChildProducts": null,
          "UrlOverride": null,
          "AdditionalAttributes": {
            "sapdepartmentname": "GROCERIES",
            "sapdepartmentno": "5",
            "sapcategoryname": "PET FOOD",
            "sapcategoryno": "49",
            "sapsubcategoryname": "PET NEEDS - CAT FOOD WET",
            "sapsubcategoryno": "187",
            "sapsegmentname": "WET CAT SINGLE SERVE",
            "sapsegmentno": "1",
            "specialsgroupid": "3656",
            "PiesProductDepartmentNodeId": "1_61D6FEB",
            "PiesProductDepartmentsjson": "[{\"Id\":\"1_61D6FEB\",\"Description\":\"Pet\"}]",
            "piesdepartmentnamesjson": "[\"Pet\"]",
            "piescategorynamesjson": "[\"Cat & Kitten\"]",
            "piessubcategorynamesjson": "[\"Chilled Cat Food\",\"Trays & Cans Cat Food\"]",
            "servingsize-total-nip": null,
            "servingsperpack-total-nip": null,
            "microwaveable": "False",
            "ovencook": "False",
            "vegetarian": "False",
            "freezable": "False",
            "containsnuts": "False",
            "containsgluten": "False",
            "description": "<p>Make every day delicious with FANCY FEAST Classic recipes. An extensive array of delicious, mouth-watering flavours and tantalising textures your cat will love. FANCY FEAST Delights With Cheddar Grilled Chicken & Cheddar Cheese Feast In Gravy is a highly palatable, gourmet wet cat food made for adult cats. Grilled cuts made with chicken, slow-cooked to perfection in a succulent gravy and infused with real aged cheddar cheese. A glorious feast for your cat! All FANCY FEAST Classic recipes are 100% complete and balanced, with the goodness of high protein and the essential vitamins and minerals your cat needs, making mealtime delicious and nutritious.<BR><BR>Make every day delicious with FANCY FEAST Classic recipes. An extensive array of delicious, mouth-watering flavours and tantalising textures your cat will love.<br/><br/>Each recipe comes in an easy-to-open and easy-to-serve 85g can that makes mealtime simple and hassle free. Serve alone or mix with dry food for a delectable texture, and a great way to add moisture to your cat’s diet. If your cat craves a variety of flavour combinations, try some of the other recipes within our range to keep her excited. <br/><br/>No one loves your cat like you do – and no one loves helping you find ways to delight your cat like FANCY FEAST. FANCY FEAST has been setting the standard in gourmet cat food since 1982, creating and crafting unique taste experiences time and again. Delicious tastes. Irresistible textures. Thoughtful details. Each FANCY FEAST recipe has been carefully crafted using high quality ingredients because your cat deserves nothing but the best. Your cat will taste the love with every delicious bite, and you will feel good about what you put in her dish. With over 60 irresistible recipes in the range, there’s a plate for every palate.<BR><BR>Grilled cuts of chicken in a succulent gravy and infused with real aged cheddar cheese<BR><BR>Highly palatable gourmet wet cat food<BR><BR>Made with high-quality ingredients<BR><BR>Provides 100% complete and balanced nutrition for everyday feeding<BR><BR>A great way to add moisture to your cat’s diet<BR><BR>Comes in a convenient single-serve can<BR><BR>Available in a variety of different flavours to keep mealtime exciting</p>",
            "ingredients": "Poultry Broth, Chicken, Liver, Wheat Gluten, Meat By-Products, Vegetable Starch-Modified, Cheese (Source Of Cheddar Cheese), Artificial And Natural Flavors, Salt, Sodium Caseinate, Vegetable Oil, Tricalcium Phosphate, Soy Protein Concentrate, Corn Starch, Added Color, Minerals [Potassium Chloride, Magnesium Sulfate, Zinc Sulfate, Ferrous Sulfate, Copper Sulfate, Manganese Sulfate, Potassium Iodide], Dried Whey, Taurine, Choline Chloride, Vitamins [Thiamine Mononitrate (Vitamin B-1), Vitamin E Supplement, Niacin (Vitamin B-3), Calcium Pantothenate (Vitamin B-5), Vitamin Supplement, Menadione Sodium Bisulfite Complex (Vitamin K), Pyridoxine Hydrochloride (Vitamin B-6), Riboflavin Supplement (Vitamin B-12), Vitamin Supplement, Biotin (Vitamin B-7), Folic Acid (Vitamin B-9), Vitamin D-3 Supplement], Sorbic Acid (A Preservative). D-7040.",
            "nutritionalinformation": null,
            "storageinstructions": null,
            "usageinstructions": null,
            "brand": "fancy feast",
            "manufacturer": null,
            "countryoforigin": null,
            "productheightmm": null,
            "productwidthmm": null,
            "productdepthmm": null,
            "wool_productpackaging": null,
            "recyclableinformation": null,
            "importantinformation": null,
            "allergencontains": null,
            "allergenmaybepresent": null,
            "allergystatement": null,
            "lifestyleanddietarystatement": null,
            "lifestyleclaim": null,
            "wool_dietaryclaim": null,
            "boxedcontents": null,
            "suitablefor": null,
            "fragrance": null,
            "colour": null,
            "antioxidant": "False",
            "addedvitaminsandminerals": "False",
            "bpafree": "False",
            "sulfatefree": "False",
            "parabenfree": "False",
            "claims": null,
            "alcoholfree": null,
            "anti-dandruff": null,
            "dermatologicallyapproved": null,
            "dermatologistrecommended": null,
            "dermatologisttested": null,
            "fragrance-free": null,
            "haircolour": null,
            "hairtype": null,
            "hypo-allergenic": null,
            "non-comedogenic": null,
            "oilfree": null,
            "ophthalmologistapproved": null,
            "ophthalmologisttested": null,
            "paba-free": null,
            "skincondition": null,
            "skintype": null,
            "soap-free": null,
            "spf": null,
            "sweatresistant": null,
            "timer": null,
            "waterresistant": null,
            "phbalanced": null,
            "antiseptic": "False",
            "antibacterial": "False",
            "activeconstituents": null,
            "contains": null,
            "microwavesafe": "False",
            "productimagecount": "7",
            "friendlydisclaimer": null,
            "productimages": "382716.jpg,382716_1.jpg,382716_2.jpg,382716_7.jpg,382716_8.jpg,382716_9.jpg,382716_10.jpg",
            "healthstarrating": "0",
            "tgawarnings": null,
            "vendorarticleid": null,
            "vendorcostprice": null,
            "tgawarning": null
          },
          "DetailsImagePaths": [
            "https://cdn0.woolworths.media/content/wowproductimages/large/382716.jpg"
          ],
          "Variety": "Cheddar Cheese Wet Cat Food",
          "Rating": {
            "ReviewCount": 0,
            "RatingCount": 0,
            "RatingSum": 0,
            "OneStarCount": 0,
            "TwoStarCount": 0,
            "ThreeStarCount": 0,
            "FourStarCount": 0,
            "FiveStarCount": 0,
            "Average": 0,
            "OneStarPercentage": 0,
            "TwoStarPercentage": 0,
            "ThreeStarPercentage": 0,
            "FourStarPercentage": 0,
            "FiveStarPercentage": 0
          },
          "HasProductSubs": false,
          "IsSponsoredAd": false,
          "AdID": null,
          "AdIndex": null,
          "IsMarketProduct": false,
          "IsGiftable": false,
          "Vendor": null,
          "Untraceable": false,
          "ThirdPartyProductInfo": null,
          "MarketFeatures": null,
          "MarketSpecifications": null,
          "SupplyLimitSource": "ProductLimit",
          "Tags": null,
          "IsPersonalisedByPurchaseHistory": false,
          "IsFromFacetedSearch": false,
          "NextAvailabilityDate": "2022-01-26T00:00:00.0000000Z"
        }
      ],
      "Name": "Fancy Feast Adult Delights Chicken & Cheddar Cheese Wet Cat Food",
      "DisplayName": "Fancy Feast Adult Delights Chicken & Cheddar Cheese Wet Cat Food 85g"
    },
    {
      "Products": [
        {
          "TileID": 0,
          "Stockcode": 382713,
          "Barcode": "50000579334",
          "GtinFormat": 0,
          "CupPrice": 1.71,
          "InstoreCupPrice": 1.71,
          "CupMeasure": "100G",
          "CupString": "$1.71 / 100G",
          "InstoreCupString": "$1.71 / 100G",
          "HasCupPrice": true,
          "InstoreHasCupPrice": true,
          "Price": 1.45,
          "InstorePrice": 1.45,
          "Name": "Fancy Feast Adult Delights Turkey & Cheddar Cheese Wet Cat Food",
          "DisplayName": "Fancy Feast Adult Delights Turkey & Cheddar Cheese Wet Cat Food 85g",
          "UrlFriendlyName": "fancy-feast-adult-delights-turkey-cheddar-cheese-wet-cat-food",
          "Description": " Fancy Feast Adult Delights<br>Turkey & Cheddar... 85G",
          "SmallImageFile": "https://cdn0.woolworths.media/content/wowproductimages/small/382713.jpg",
          "MediumImageFile": "https://cdn0.woolworths.media/content/wowproductimages/medium/382713.jpg",
          "LargeImageFile": "https://cdn0.woolworths.media/content/wowproductimages/large/382713.jpg",
          "IsNew": false,
          "IsOnSpecial": false,
          "InstoreIsOnSpecial": false,
          "IsEdrSpecial": false,
          "SavingsAmount": 0,
          "InstoreSavingsAmount": 0,
          "WasPrice": 1.45,
          "InstoreWasPrice": 1.45,
          "QuantityInTrolley": 0,
          "Unit": "Each",
          "MinimumQuantity": 1,
          "HasBeenBoughtBefore": false,
          "IsInTrolley": false,
          "Source": "SpecialsGroup.Buy More Save More",
          "SupplyLimit": 36,
          "MaxSupplyLimitMessage": "36 item limit",
          "IsRanged": true,
          "IsInStock": true,
          "PackageSize": "85G",
          "IsPmDelivery": false,
          "IsForCollection": true,
          "IsForDelivery": true,
          "IsForExpress": true,
          "ProductRestrictionMessage": null,
          "ProductWarningMessage": null,
          "CentreTag": {
            "TagContent": null,
            "TagLink": null,
            "FallbackText": null,
            "TagType": "None",
            "MultibuyData": null,
            "TagContentText": null,
            "DualImageTagContent": null
          },
          "IsCentreTag": false,
          "ImageTag": {
            "TagContent": null,
            "TagLink": null,
            "FallbackText": "",
            "TagType": "None",
            "MultibuyData": null,
            "TagContentText": null,
            "DualImageTagContent": null
          },
          "HeaderTag": null,
          "HasHeaderTag": false,
          "UnitWeightInGrams": 0,
          "SupplyLimitMessage": "'Fancy Feast Adult Delights Turkey & Cheddar Cheese Wet Cat Food' has a supply limit of 36. The quantity in your cart has been reduced accordingly. To purchase a larger quantity, please contact us on 1800 000 610. Please note we do not supply trade orders.",
          "SmallFormatDescription": "Fancy Feast Adult Delights Turkey & Cheddar Cheese Wet Cat Food",
          "FullDescription": "Fancy Feast Adult Delights Turkey & Cheddar Cheese Wet Cat Food",
          "IsAvailable": true,
          "InstoreIsAvailable": true,
          "IsPurchasable": true,
          "InstoreIsPurchasable": true,
          "AgeRestricted": false,
          "DisplayQuantity": 1,
          "RichDescription": null,
          "IsDeliveryPass": false,
          "HideWasSavedPrice": false,
          "SapCategories": null,
          "Brand": "Fancy Feast",
          "IsRestrictedByDeliveryMethod": false,
          "FooterTag": {
            "TagContent": null,
            "TagLink": null,
            "FallbackText": null,
            "TagType": "None",
            "MultibuyData": null,
            "TagContentText": null,
            "DualImageTagContent": null
          },
          "IsFooterEnabled": false,
          "Diagnostics": "80",
          "IsBundle": false,
          "IsInFamily": false,
          "ChildProducts": null,
          "UrlOverride": null,
          "AdditionalAttributes": {
            "sapdepartmentname": "GROCERIES",
            "sapdepartmentno": "5",
            "sapcategoryname": "PET FOOD",
            "sapcategoryno": "49",
            "sapsubcategoryname": "PET NEEDS - CAT FOOD WET",
            "sapsubcategoryno": "187",
            "sapsegmentname": "WET CAT SINGLE SERVE",
            "sapsegmentno": "1",
            "specialsgroupid": "3656",
            "PiesProductDepartmentNodeId": "1_61D6FEB",
            "PiesProductDepartmentsjson": "[{\"Id\":\"1_61D6FEB\",\"Description\":\"Pet\"}]",
            "piesdepartmentnamesjson": "[\"Pet\"]",
            "piescategorynamesjson": "[\"Cat & Kitten\"]",
            "piessubcategorynamesjson": "[\"Chilled Cat Food\",\"Trays & Cans Cat Food\"]",
            "servingsize-total-nip": null,
            "servingsperpack-total-nip": null,
            "microwaveable": "False",
            "ovencook": "False",
            "vegetarian": "False",
            "freezable": "False",
            "containsnuts": "False",
            "containsgluten": "False",
            "description": "<p>Make every day delicious with FANCY FEAST Classic recipes. An extensive array of delicious, mouth-watering flavours and tantalising textures your cat will love. FANCY FEAST Delights With Cheddar Grilled Turkey & Cheddar Cheese Feast In Gravy is a highly palatable, gourmet wet cat food made for adult cats. Grilled cuts made with turkey, slow-cooked to perfection in a succulent gravy and infused with real aged cheddar cheese. A glorious feast for your cat! All FANCY FEAST Classic recipes are 100% complete and balanced, with the goodness of high protein and the essential vitamins and minerals your cat needs, making mealtime delicious and nutritious.<BR><BR>Make every day delicious with FANCY FEAST Classic recipes. An extensive array of delicious, mouth-watering flavours and tantalising textures your cat will love.<br/><br/>Each recipe comes in an easy-to-open and easy-to-serve 85g can that makes mealtime simple and hassle free. Serve alone or mix with dry food for a delectable texture, and a great way to add moisture to your cat’s diet. If your cat craves a variety of flavour combinations, try some of the other recipes within our range to keep her excited. <br/><br/>No one loves your cat like you do – and no one loves helping you find ways to delight your cat like FANCY FEAST. FANCY FEAST has been setting the standard in gourmet cat food since 1982, creating and crafting unique taste experiences time and again. Delicious tastes. Irresistible textures. Thoughtful details. Each FANCY FEAST recipe has been carefully crafted using high quality ingredients because your cat deserves nothing but the best. Your cat will taste the love with every delicious bite, and you will feel good about what you put in her dish. With over 60 irresistible recipes in the range, there’s a plate for every palate.<BR><BR>Grilled cuts of turkey in a succulent gravy and infused with real aged cheddar cheese<BR><BR>Highly palatable gourmet wet cat food<BR><BR>Made with high-quality ingredients<BR><BR>Provides 100% complete and balanced nutrition for everyday feeding<BR><BR>A great way to add moisture to your cat’s diet<BR><BR>Comes in a convenient single-serve can<BR><BR>Available in a variety of different flavours to keep mealtime exciting</p>",
            "ingredients": "Poultry Broth, Turkey, Liver, Wheat Gluten, Meat Products, Vegetable Starch-Modified, Cheese (Source Of Cheddar Cheese), Artificial And Natural Flavours, Salt, Sodium Caseinate, Vegetable Oil, Soy Protein Concentrate, Tricalcium Phosphate, Corn Starch, Added Color, Minerals (Potassium Chloride, Magnesium Sulfate, Zinc Sulfate, Ferrous Sulfate, Copper Sulfate, Manganese Sulfate, Potassium Iodide), Dried Whey, Taurine, Cholin, Chloride, Vitamins (Thiamine Mononitrate (Vitamin B-1), Vitamin E Supplement, Niacin (Vitamin B-3), Calcium Pantothenate (Vitamin B-5), Vitamin A) Supplement, Menadione Sodium Bisulfite Complex (Vitamin K), Pyridoxine Hydrochloride (Vitamin B-6), Riboflavin Supplement (Vitamin B-2), Vitamin B-12 Supplement, Biotin (Vitamin B-7), Folic Acid (Vitamin B-9), Vitamin D-3 Supplement), Sorbic Acid (A Preservative). D-7042.",
            "nutritionalinformation": null,
            "storageinstructions": null,
            "usageinstructions": null,
            "brand": "fancy feast",
            "manufacturer": null,
            "countryoforigin": null,
            "productheightmm": null,
            "productwidthmm": null,
            "productdepthmm": null,
            "wool_productpackaging": null,
            "recyclableinformation": null,
            "importantinformation": null,
            "allergencontains": null,
            "allergenmaybepresent": null,
            "allergystatement": null,
            "lifestyleanddietarystatement": null,
            "lifestyleclaim": null,
            "wool_dietaryclaim": null,
            "boxedcontents": null,
            "suitablefor": null,
            "fragrance": null,
            "colour": null,
            "antioxidant": "False",
            "addedvitaminsandminerals": "False",
            "bpafree": "False",
            "sulfatefree": "False",
            "parabenfree": "False",
            "claims": null,
            "alcoholfree": null,
            "anti-dandruff": null,
            "dermatologicallyapproved": null,
            "dermatologistrecommended": null,
            "dermatologisttested": null,
            "fragrance-free": null,
            "haircolour": null,
            "hairtype": null,
            "hypo-allergenic": null,
            "non-comedogenic": null,
            "oilfree": null,
            "ophthalmologistapproved": null,
            "ophthalmologisttested": null,
            "paba-free": null,
            "skincondition": null,
            "skintype": null,
            "soap-free": null,
            "spf": null,
            "sweatresistant": null,
            "timer": null,
            "waterresistant": null,
            "phbalanced": null,
            "antiseptic": "False",
            "antibacterial": "False",
            "activeconstituents": null,
            "contains": null,
            "microwavesafe": "False",
            "productimagecount": "7",
            "friendlydisclaimer": null,
            "productimages": "382713.jpg,382713_1.jpg,382713_2.jpg,382713_7.jpg,382713_8.jpg,382713_9.jpg,382713_10.jpg",
            "healthstarrating": "0",
            "tgawarnings": null,
            "vendorarticleid": null,
            "vendorcostprice": null,
            "tgawarning": null
          },
          "DetailsImagePaths": [
            "https://cdn0.woolworths.media/content/wowproductimages/large/382713.jpg"
          ],
          "Variety": "Cheddar Cheese Wet Cat Food",
          "Rating": {
            "ReviewCount": 0,
            "RatingCount": 0,
            "RatingSum": 0,
            "OneStarCount": 0,
            "TwoStarCount": 0,
            "ThreeStarCount": 0,
            "FourStarCount": 0,
            "FiveStarCount": 0,
            "Average": 0,
            "OneStarPercentage": 0,
            "TwoStarPercentage": 0,
            "ThreeStarPercentage": 0,
            "FourStarPercentage": 0,
            "FiveStarPercentage": 0
          },
          "HasProductSubs": false,
          "IsSponsoredAd": false,
          "AdID": null,
          "AdIndex": null,
          "IsMarketProduct": false,
          "IsGiftable": false,
          "Vendor": null,
          "Untraceable": false,
          "ThirdPartyProductInfo": null,
          "MarketFeatures": null,
          "MarketSpecifications": null,
          "SupplyLimitSource": "ProductLimit",
          "Tags": null,
          "IsPersonalisedByPurchaseHistory": false,
          "IsFromFacetedSearch": false,
          "NextAvailabilityDate": "2022-01-26T00:00:00.0000000Z"
        }
      ],
      "Name": "Fancy Feast Adult Delights Turkey & Cheddar Cheese Wet Cat Food",
      "DisplayName": "Fancy Feast Adult Delights Turkey & Cheddar Cheese Wet Cat Food 85g"
    },
    {
      "Products": [
        {
          "TileID": 0,
          "Stockcode": 360604,
          "Barcode": "50000578436",
          "GtinFormat": 0,
          "CupPrice": 1.71,
          "InstoreCupPrice": 1.71,
          "CupMeasure": "100G",
          "CupString": "$1.71 / 100G",
          "InstoreCupString": "$1.71 / 100G",
          "HasCupPrice": true,
          "InstoreHasCupPrice": true,
          "Price": 1.45,
          "InstorePrice": 1.45,
          "Name": "Fancy Feast Adult Gravy Lovers Ocean Whitefish & Tuna Wet Cat Food",
          "DisplayName": "Fancy Feast Adult Gravy Lovers Ocean Whitefish & Tuna Wet Cat Food 85g",
          "UrlFriendlyName": "fancy-feast-adult-gravy-lovers-ocean-whitefish-tuna-wet-cat-food",
          "Description": " Fancy Feast Adult Gravy<br>Lovers Ocean... 85G",
          "SmallImageFile": "https://cdn0.woolworths.media/content/wowproductimages/small/360604.jpg",
          "MediumImageFile": "https://cdn0.woolworths.media/content/wowproductimages/medium/360604.jpg",
          "LargeImageFile": "https://cdn0.woolworths.media/content/wowproductimages/large/360604.jpg",
          "IsNew": false,
          "IsOnSpecial": false,
          "InstoreIsOnSpecial": false,
          "IsEdrSpecial": false,
          "SavingsAmount": 0,
          "InstoreSavingsAmount": 0,
          "WasPrice": 1.45,
          "InstoreWasPrice": 1.45,
          "QuantityInTrolley": 0,
          "Unit": "Each",
          "MinimumQuantity": 1,
          "HasBeenBoughtBefore": false,
          "IsInTrolley": false,
          "Source": "SpecialsGroup.Buy More Save More",
          "SupplyLimit": 36,
          "MaxSupplyLimitMessage": "36 item limit",
          "IsRanged": true,
          "IsInStock": true,
          "PackageSize": "85G",
          "IsPmDelivery": false,
          "IsForCollection": true,
          "IsForDelivery": true,
          "IsForExpress": true,
          "ProductRestrictionMessage": null,
          "ProductWarningMessage": null,
          "CentreTag": {
            "TagContent": null,
            "TagLink": null,
            "FallbackText": null,
            "TagType": "None",
            "MultibuyData": null,
            "TagContentText": null,
            "DualImageTagContent": null
          },
          "IsCentreTag": false,
          "ImageTag": {
            "TagContent": null,
            "TagLink": null,
            "FallbackText": "",
            "TagType": "None",
            "MultibuyData": null,
            "TagContentText": null,
            "DualImageTagContent": null
          },
          "HeaderTag": null,
          "HasHeaderTag": false,
          "UnitWeightInGrams": 0,
          "SupplyLimitMessage": "'Fancy Feast Adult Gravy Lovers Ocean Whitefish & Tuna Wet Cat Food' has a supply limit of 36. The quantity in your cart has been reduced accordingly. To purchase a larger quantity, please contact us on 1800 000 610. Please note we do not supply trade orders.",
          "SmallFormatDescription": "Fancy Feast Adult Gravy Lovers Ocean Whitefish & Tuna Wet Cat Food",
          "FullDescription": "Fancy Feast Adult Gravy Lovers Ocean Whitefish & Tuna Wet Cat Food",
          "IsAvailable": true,
          "InstoreIsAvailable": true,
          "IsPurchasable": true,
          "InstoreIsPurchasable": true,
          "AgeRestricted": false,
          "DisplayQuantity": 1,
          "RichDescription": null,
          "IsDeliveryPass": false,
          "HideWasSavedPrice": false,
          "SapCategories": null,
          "Brand": "Fancy Feast",
          "IsRestrictedByDeliveryMethod": false,
          "FooterTag": {
            "TagContent": null,
            "TagLink": null,
            "FallbackText": null,
            "TagType": "None",
            "MultibuyData": null,
            "TagContentText": null,
            "DualImageTagContent": null
          },
          "IsFooterEnabled": false,
          "Diagnostics": "81",
          "IsBundle": false,
          "IsInFamily": false,
          "ChildProducts": null,
          "UrlOverride": null,
          "AdditionalAttributes": {
            "sapdepartmentname": "GROCERIES",
            "sapdepartmentno": "5",
            "sapcategoryname": "PET FOOD",
            "sapcategoryno": "49",
            "sapsubcategoryname": "PET NEEDS - CAT FOOD WET",
            "sapsubcategoryno": "187",
            "sapsegmentname": "WET CAT SINGLE SERVE",
            "sapsegmentno": "1",
            "specialsgroupid": "3656",
            "PiesProductDepartmentNodeId": "1_61D6FEB",
            "PiesProductDepartmentsjson": "[{\"Id\":\"1_61D6FEB\",\"Description\":\"Pet\"}]",
            "piesdepartmentnamesjson": "[\"Pet\"]",
            "piescategorynamesjson": "[\"Cat & Kitten\"]",
            "piessubcategorynamesjson": "[\"Chilled Cat Food\",\"Trays & Cans Cat Food\"]",
            "servingsize-total-nip": null,
            "servingsperpack-total-nip": null,
            "microwaveable": "False",
            "ovencook": "False",
            "vegetarian": "False",
            "freezable": "False",
            "containsnuts": "False",
            "containsgluten": "False",
            "description": "Make every day delicious with FANCY FEAST Classic recipes. An extensive array of delicious, mouth-watering flavours and tantalising textures your cat will love.FANCY FEAST Gravy Lovers Ocean Whitefish & Tuna Feast In Seafood Flavour Gravy is a highly palatable, gourmet wet cat food made for adult cats. Crafted with small, delicate bites made with ocean whitefish and tuna, slow-cooked and served in a thick grilled seafood flavour gravy. A glorious feast for your cat! All FANCY FEAST Classic recipes are 100% complete and balanced, with the goodness of high protein and the essential vitamins and minerals your cat needs, making mealtime delicious and nutritious.<BR><BR>Make every day delicious with FANCY FEAST Classic recipes. An extensive array of delicious, mouth-watering flavours and tantalising textures your cat will love.<br><br>FANCY FEAST Gravy Lovers Ocean Whitefish & Tuna Feast In Seafood Flavour Gravy is a highly palatable, gourmet wet cat food made for adult cats. Crafted with small, delicate bites made with ocean whitefish and tuna, slow-cooked and served in a thick grilled seafood flavour gravy. A glorious feast for your cat! <br><br>All FANCY FEAST Classic recipes are 100% complete and balanced, with the goodness of high protein and the essential vitamins and minerals your cat needs, making mealtime delicious and nutritious. <br><br>Each recipe comes in an easy-to-open and easy-to-serve 85g can that makes mealtime simple and hassle free. Serve alone or mix with dry food for a delectable texture, and a great way to add moisture to your cat’s diet. If your cat craves a variety of flavour combinations, try some of the other recipes within our range to keep her excited. <br><br>No one loves your cat like you do – and no one loves helping you find ways to delight your cat like FANCY FEAST. FANCY FEAST has been setting the standard in gourmet cat food since 1982, creating and crafting unique taste experiences time and again. Delicious tastes. Irresistible textures. Thoughtful details. Each FANCY FEAST recipe has been carefully crafted using high quality ingredients because your cat deserves nothing but the best. Your cat will taste the love with every delicious bite, and you will feel good about what you put in her dish. With over 60 irresistible recipes in the range, there’s a plate for every palate.<BR><BR>Small, delicate bites made with ocean whitefish and tuna, slow-cooked and served in a thick grilled seafood flavour gravy<BR><BR>Highly palatable gourmet wet cat food<BR><BR>Made with high-quality ingredients<BR><BR>Provides 100% complete and balanced nutrition for everyday feeding<BR><BR>A great way to add moisture to your cat’s diet<BR><BR>Comes in a convenient single-serve can<BR><BR>Available in a variety of different flavours to keep mealtime exciting",
            "ingredients": "Fish Broth, Ocean Whitefish, Meat Gluten, Liver, Chicken, Meat By-Products, Corn Starch-Modified, Tuna, Artificial And Natural Flavors, Soy Flour, Salt, Calcium Phosphate, Minerals (Potassium Chloride, Magnesium Sulfate, Zinc Sulfate, Ferrous Sulfate, Copper Sulfate, Manganese Sulfate, Potassium Iodide], Natural Sauteed Seafood Flavor, Taurine, Mune Chloride, Vitamins (Thiamine Mononitrate (Vitamin B-1), Vitamin E Supplement, Niacin (Vitamin B-3), Calcium Pantothenate (Vitamin B-5), Vitamin A Supplement, Menadione Sodium Bisulfite Complex (Vitamin K), Pyridoxine Hydrochloride (Vitamin B-6), Riboflavin Supplement (Vitamin B-2), Vitamin B-12 Supplement, Biotin (Vitamin B-7), Folic Acid (Vitamin B-9), Vitamin D-3 Supplement]. C-7022.",
            "nutritionalinformation": null,
            "storageinstructions": null,
            "usageinstructions": null,
            "brand": "fancy feast",
            "manufacturer": null,
            "countryoforigin": null,
            "productheightmm": null,
            "productwidthmm": null,
            "productdepthmm": null,
            "wool_productpackaging": null,
            "recyclableinformation": null,
            "importantinformation": null,
            "allergencontains": null,
            "allergenmaybepresent": null,
            "allergystatement": null,
            "lifestyleanddietarystatement": null,
            "lifestyleclaim": null,
            "wool_dietaryclaim": null,
            "boxedcontents": null,
            "suitablefor": null,
            "fragrance": null,
            "colour": null,
            "antioxidant": "False",
            "addedvitaminsandminerals": "False",
            "bpafree": "False",
            "sulfatefree": "False",
            "parabenfree": "False",
            "claims": null,
            "alcoholfree": null,
            "anti-dandruff": null,
            "dermatologicallyapproved": null,
            "dermatologistrecommended": null,
            "dermatologisttested": null,
            "fragrance-free": null,
            "haircolour": null,
            "hairtype": null,
            "hypo-allergenic": null,
            "non-comedogenic": null,
            "oilfree": null,
            "ophthalmologistapproved": null,
            "ophthalmologisttested": null,
            "paba-free": null,
            "skincondition": null,
            "skintype": null,
            "soap-free": null,
            "spf": null,
            "sweatresistant": null,
            "timer": null,
            "waterresistant": null,
            "phbalanced": null,
            "antiseptic": "False",
            "antibacterial": "False",
            "activeconstituents": null,
            "contains": null,
            "microwavesafe": "False",
            "productimagecount": "7",
            "friendlydisclaimer": null,
            "productimages": "360604.jpg,360604_1.jpg,360604_2.jpg,360604_7.jpg,360604_8.jpg,360604_9.jpg,360604_10.jpg",
            "healthstarrating": "0",
            "tgawarnings": null,
            "vendorarticleid": null,
            "vendorcostprice": null,
            "tgawarning": null
          },
          "DetailsImagePaths": [
            "https://cdn0.woolworths.media/content/wowproductimages/large/360604.jpg"
          ],
          "Variety": "Whitefish & Tuna Wet Cat Food",
          "Rating": {
            "ReviewCount": 0,
            "RatingCount": 0,
            "RatingSum": 0,
            "OneStarCount": 0,
            "TwoStarCount": 0,
            "ThreeStarCount": 0,
            "FourStarCount": 0,
            "FiveStarCount": 0,
            "Average": 0,
            "OneStarPercentage": 0,
            "TwoStarPercentage": 0,
            "ThreeStarPercentage": 0,
            "FourStarPercentage": 0,
            "FiveStarPercentage": 0
          },
          "HasProductSubs": false,
          "IsSponsoredAd": false,
          "AdID": null,
          "AdIndex": null,
          "IsMarketProduct": false,
          "IsGiftable": false,
          "Vendor": null,
          "Untraceable": false,
          "ThirdPartyProductInfo": null,
          "MarketFeatures": null,
          "MarketSpecifications": null,
          "SupplyLimitSource": "ProductLimit",
          "Tags": null,
          "IsPersonalisedByPurchaseHistory": false,
          "IsFromFacetedSearch": false,
          "NextAvailabilityDate": "2022-01-26T00:00:00.0000000Z"
        }
      ],
      "Name": "Fancy Feast Adult Gravy Lovers Ocean Whitefish & Tuna Wet Cat Food",
      "DisplayName": "Fancy Feast Adult Gravy Lovers Ocean Whitefish & Tuna Wet Cat Food 85g"
    },
    {
      "Products": [
        {
          "TileID": 0,
          "Stockcode": 360616,
          "Barcode": "50000578474",
          "GtinFormat": 0,
          "CupPrice": 1.71,
          "InstoreCupPrice": 1.71,
          "CupMeasure": "100G",
          "CupString": "$1.71 / 100G",
          "InstoreCupString": "$1.71 / 100G",
          "HasCupPrice": true,
          "InstoreHasCupPrice": true,
          "Price": 1.45,
          "InstorePrice": 1.45,
          "Name": "Fancy Feast Cat Food Gravy Lovers Beef",
          "DisplayName": "Fancy Feast Cat Food Gravy Lovers Beef 85g",
          "UrlFriendlyName": "fancy-feast-cat-food-gravy-lovers-beef",
          "Description": " Fancy Feast Cat Food Gravy<br>Lovers Beef 85G",
          "SmallImageFile": "https://cdn0.woolworths.media/content/wowproductimages/small/360616.jpg",
          "MediumImageFile": "https://cdn0.woolworths.media/content/wowproductimages/medium/360616.jpg",
          "LargeImageFile": "https://cdn0.woolworths.media/content/wowproductimages/large/360616.jpg",
          "IsNew": false,
          "IsOnSpecial": false,
          "InstoreIsOnSpecial": false,
          "IsEdrSpecial": false,
          "SavingsAmount": 0,
          "InstoreSavingsAmount": 0,
          "WasPrice": 1.45,
          "InstoreWasPrice": 1.45,
          "QuantityInTrolley": 0,
          "Unit": "Each",
          "MinimumQuantity": 1,
          "HasBeenBoughtBefore": false,
          "IsInTrolley": false,
          "Source": "SpecialsGroup.Buy More Save More",
          "SupplyLimit": 36,
          "MaxSupplyLimitMessage": "36 item limit",
          "IsRanged": true,
          "IsInStock": true,
          "PackageSize": "85G",
          "IsPmDelivery": false,
          "IsForCollection": true,
          "IsForDelivery": true,
          "IsForExpress": true,
          "ProductRestrictionMessage": null,
          "ProductWarningMessage": null,
          "CentreTag": {
            "TagContent": null,
            "TagLink": null,
            "FallbackText": null,
            "TagType": "None",
            "MultibuyData": null,
            "TagContentText": null,
            "DualImageTagContent": null
          },
          "IsCentreTag": false,
          "ImageTag": {
            "TagContent": null,
            "TagLink": null,
            "FallbackText": "",
            "TagType": "None",
            "MultibuyData": null,
            "TagContentText": null,
            "DualImageTagContent": null
          },
          "HeaderTag": null,
          "HasHeaderTag": false,
          "UnitWeightInGrams": 0,
          "SupplyLimitMessage": "'Fancy Feast Cat Food Gravy Lovers Beef' has a supply limit of 36. The quantity in your cart has been reduced accordingly. To purchase a larger quantity, please contact us on 1800 000 610. Please note we do not supply trade orders.",
          "SmallFormatDescription": "Fancy Feast Cat Food Gravy Lovers Beef",
          "FullDescription": "Fancy Feast Cat Food Gravy Lovers Beef",
          "IsAvailable": true,
          "InstoreIsAvailable": true,
          "IsPurchasable": true,
          "InstoreIsPurchasable": true,
          "AgeRestricted": false,
          "DisplayQuantity": 1,
          "RichDescription": null,
          "IsDeliveryPass": false,
          "HideWasSavedPrice": false,
          "SapCategories": null,
          "Brand": "Fancy Feast",
          "IsRestrictedByDeliveryMethod": false,
          "FooterTag": {
            "TagContent": null,
            "TagLink": null,
            "FallbackText": null,
            "TagType": "None",
            "MultibuyData": null,
            "TagContentText": null,
            "DualImageTagContent": null
          },
          "IsFooterEnabled": false,
          "Diagnostics": "82",
          "IsBundle": false,
          "IsInFamily": false,
          "ChildProducts": null,
          "UrlOverride": null,
          "AdditionalAttributes": {
            "sapdepartmentname": "GROCERIES",
            "sapdepartmentno": "5",
            "sapcategoryname": "PET FOOD",
            "sapcategoryno": "49",
            "sapsubcategoryname": "PET NEEDS - CAT FOOD WET",
            "sapsubcategoryno": "187",
            "sapsegmentname": "WET CAT SINGLE SERVE",
            "sapsegmentno": "1",
            "specialsgroupid": "3656",
            "PiesProductDepartmentNodeId": "1_61D6FEB",
            "PiesProductDepartmentsjson": "[{\"Id\":\"1_61D6FEB\",\"Description\":\"Pet\"}]",
            "piesdepartmentnamesjson": "[\"Pet\"]",
            "piescategorynamesjson": "[\"Cat & Kitten\"]",
            "piessubcategorynamesjson": "[\"Chilled Cat Food\",\"Trays & Cans Cat Food\"]",
            "servingsize-total-nip": null,
            "servingsperpack-total-nip": null,
            "microwaveable": "False",
            "ovencook": "False",
            "vegetarian": "False",
            "freezable": "False",
            "containsnuts": "False",
            "containsgluten": "False",
            "description": "Make every day delicious with FANCY FEAST Classic recipes. An extensive array of delicious, mouth-watering flavours and tantalising textures your cat will love.FANCY FEAST Gravy Lovers Beef Feast In Roasted Beef Flavor Gravy is a highly palatable, gourmet wet cat food made for adult cats. Crafted with small, delicate bites made with beef, slow-cooked and served in a thick grilled beef flavor gravy. A glorious feast for your cat!All FANCY FEAST Classic recipes are 100% complete and balanced, with the goodness of high protein and the essential vitamins and minerals your cat needs, making mealtime delicious and nutritious.<BR><BR>Make every day delicious with FANCY FEAST Classic recipes. An extensive array of delicious, mouth-watering flavours and tantalising textures your cat will love.<br><br>FANCY FEAST Gravy Lovers Beef Feast In Roasted Beef Flavor Gravy is a highly palatable, gourmet wet cat food made for adult cats. Crafted with small, delicate bites made with beef, slow-cooked and served in a thick grilled beef flavor gravy. A glorious feast for your cat!<br><br>All FANCY FEAST Classic recipes are 100% complete and balanced, with the goodness of high protein and the essential vitamins and minerals your cat needs, making mealtime delicious and nutritious. <br><br>Each recipe comes in an easy-to-open and easy-to-serve 85g can that makes mealtime simple and hassle free. Serve alone or mix with dry food for a delectable texture, and a great way to add moisture to your cat’s diet. If your cat craves a variety of flavour combinations, try some of the other recipes within our range to keep her excited. <br><br> No one loves your cat like you do – and no one loves helping you find ways to delight your cat like FANCY FEAST. FANCY FEAST has been setting the standard in gourmet cat food since 1982, creating and crafting unique taste experiences time and again. Delicious tastes. Irresistible textures. Thoughtful details. Each FANCY FEAST recipe has been carefully crafted using high quality ingredients because your cat deserves nothing but the best. Your cat will taste the love with every delicious bite, and you will feel good about what you put in her dish. With over 60 irresistible recipes in the range, there’s a plate for every palate<BR><BR>Small, delicate bites, slow-cooked and served in a thick grilled beef flavor gravy<BR><BR>Highly palatable gourmet wet cat food<BR><BR>Made with high-quality ingredients<BR><BR>Provides 100% complete and balanced nutrition for everyday feeding<BR><BR>A great way to add moisture to your cat’s diet<BR><BR>Comes in a convenient single-serve can<BR><BR>Available in a variety of different flavours to keep mealtime exciting",
            "ingredients": "Meat Broth, Beef, Liver, Wheat Gluten, Meat By-Products, Corn Starch-Modified, Fish, Chicken, Artificial and Natural Flavors, Soy, FLour, Added Color, Salt, Tricalcium Phosphate, Minerals [Potassium Chloride, Magnesium Sulfate, Zinc Sulfate, Ferrous Sulfate, Copper Sulfate, Manganese Sulfate, Potassium Iodide], Natural Roasted Beef Flavor, Taurine, Mono and Dicalcium Phosphate, Choline Chloride, Vitamins [Thiamine Mononitrate (Vitamin B-1), Vitamin E Supplement, Niacin (Vitamin B-3), Calcium Pantothenate (Vitamin B-5), Vitamin A Supplement, Menadione Sodium Bisulfite Complex (Vitamin K), Pyridoxine Hydrochloride (Vitamin B-6), Riboflavin Supplement (Vitamin B-2), Vitamin B-12 Supplement, Biotin (Vitamin B-7), Folic Acid (Vitamin B-9), Vitamin D-3 Supplement]. C-7020.",
            "nutritionalinformation": null,
            "storageinstructions": null,
            "usageinstructions": null,
            "brand": "fancy feast",
            "manufacturer": null,
            "countryoforigin": null,
            "productheightmm": null,
            "productwidthmm": null,
            "productdepthmm": null,
            "wool_productpackaging": null,
            "recyclableinformation": null,
            "importantinformation": null,
            "allergencontains": null,
            "allergenmaybepresent": null,
            "allergystatement": null,
            "lifestyleanddietarystatement": null,
            "lifestyleclaim": null,
            "wool_dietaryclaim": null,
            "boxedcontents": null,
            "suitablefor": null,
            "fragrance": null,
            "colour": null,
            "antioxidant": "False",
            "addedvitaminsandminerals": "False",
            "bpafree": "False",
            "sulfatefree": "False",
            "parabenfree": "False",
            "claims": null,
            "alcoholfree": null,
            "anti-dandruff": null,
            "dermatologicallyapproved": null,
            "dermatologistrecommended": null,
            "dermatologisttested": null,
            "fragrance-free": null,
            "haircolour": null,
            "hairtype": null,
            "hypo-allergenic": null,
            "non-comedogenic": null,
            "oilfree": null,
            "ophthalmologistapproved": null,
            "ophthalmologisttested": null,
            "paba-free": null,
            "skincondition": null,
            "skintype": null,
            "soap-free": null,
            "spf": null,
            "sweatresistant": null,
            "timer": null,
            "waterresistant": null,
            "phbalanced": null,
            "antiseptic": "False",
            "antibacterial": "False",
            "activeconstituents": null,
            "contains": null,
            "microwavesafe": "False",
            "productimagecount": "9",
            "friendlydisclaimer": null,
            "productimages": "360616.jpg,360616_1.jpg,360616_2.jpg,360616_3.jpg,360616_6.jpg,360616_7.jpg,360616_8.jpg,360616_9.jpg,360616_10.jpg",
            "healthstarrating": "0",
            "tgawarnings": null,
            "vendorarticleid": null,
            "vendorcostprice": null,
            "tgawarning": null
          },
          "DetailsImagePaths": [
            "https://cdn0.woolworths.media/content/wowproductimages/large/360616.jpg"
          ],
          "Variety": "Lovers Beef",
          "Rating": {
            "ReviewCount": 0,
            "RatingCount": 0,
            "RatingSum": 0,
            "OneStarCount": 0,
            "TwoStarCount": 0,
            "ThreeStarCount": 0,
            "FourStarCount": 0,
            "FiveStarCount": 0,
            "Average": 0,
            "OneStarPercentage": 0,
            "TwoStarPercentage": 0,
            "ThreeStarPercentage": 0,
            "FourStarPercentage": 0,
            "FiveStarPercentage": 0
          },
          "HasProductSubs": false,
          "IsSponsoredAd": false,
          "AdID": null,
          "AdIndex": null,
          "IsMarketProduct": false,
          "IsGiftable": false,
          "Vendor": null,
          "Untraceable": false,
          "ThirdPartyProductInfo": null,
          "MarketFeatures": null,
          "MarketSpecifications": null,
          "SupplyLimitSource": "ProductLimit",
          "Tags": null,
          "IsPersonalisedByPurchaseHistory": false,
          "IsFromFacetedSearch": false,
          "NextAvailabilityDate": "2022-01-26T00:00:00.0000000Z"
        }
      ],
      "Name": "Fancy Feast Cat Food Gravy Lovers Beef",
      "DisplayName": "Fancy Feast Cat Food Gravy Lovers Beef 85g"
    },
    {
      "Products": [
        {
          "TileID": 0,
          "Stockcode": 360608,
          "Barcode": "50000578450",
          "GtinFormat": 0,
          "CupPrice": 1.71,
          "InstoreCupPrice": 1.71,
          "CupMeasure": "100G",
          "CupString": "$1.71 / 100G",
          "InstoreCupString": "$1.71 / 100G",
          "HasCupPrice": true,
          "InstoreHasCupPrice": true,
          "Price": 1.45,
          "InstorePrice": 1.45,
          "Name": "Fancy Feast Cat Food Gravy Lovers Chicken",
          "DisplayName": "Fancy Feast Cat Food Gravy Lovers Chicken 85g",
          "UrlFriendlyName": "fancy-feast-cat-food-gravy-lovers-chicken",
          "Description": " Fancy Feast Cat Food Gravy<br>Lovers Chicken 85G",
          "SmallImageFile": "https://cdn0.woolworths.media/content/wowproductimages/small/360608.jpg",
          "MediumImageFile": "https://cdn0.woolworths.media/content/wowproductimages/medium/360608.jpg",
          "LargeImageFile": "https://cdn0.woolworths.media/content/wowproductimages/large/360608.jpg",
          "IsNew": false,
          "IsOnSpecial": false,
          "InstoreIsOnSpecial": false,
          "IsEdrSpecial": false,
          "SavingsAmount": 0,
          "InstoreSavingsAmount": 0,
          "WasPrice": 1.45,
          "InstoreWasPrice": 1.45,
          "QuantityInTrolley": 0,
          "Unit": "Each",
          "MinimumQuantity": 1,
          "HasBeenBoughtBefore": false,
          "IsInTrolley": false,
          "Source": "SpecialsGroup.Buy More Save More",
          "SupplyLimit": 36,
          "MaxSupplyLimitMessage": "36 item limit",
          "IsRanged": true,
          "IsInStock": true,
          "PackageSize": "85G",
          "IsPmDelivery": false,
          "IsForCollection": true,
          "IsForDelivery": true,
          "IsForExpress": true,
          "ProductRestrictionMessage": null,
          "ProductWarningMessage": null,
          "CentreTag": {
            "TagContent": null,
            "TagLink": null,
            "FallbackText": null,
            "TagType": "None",
            "MultibuyData": null,
            "TagContentText": null,
            "DualImageTagContent": null
          },
          "IsCentreTag": false,
          "ImageTag": {
            "TagContent": null,
            "TagLink": null,
            "FallbackText": "",
            "TagType": "None",
            "MultibuyData": null,
            "TagContentText": null,
            "DualImageTagContent": null
          },
          "HeaderTag": null,
          "HasHeaderTag": false,
          "UnitWeightInGrams": 0,
          "SupplyLimitMessage": "'Fancy Feast Cat Food Gravy Lovers Chicken' has a supply limit of 36. The quantity in your cart has been reduced accordingly. To purchase a larger quantity, please contact us on 1800 000 610. Please note we do not supply trade orders.",
          "SmallFormatDescription": "Fancy Feast Cat Food Gravy Lovers Chicken",
          "FullDescription": "Fancy Feast Cat Food Gravy Lovers Chicken",
          "IsAvailable": true,
          "InstoreIsAvailable": true,
          "IsPurchasable": true,
          "InstoreIsPurchasable": true,
          "AgeRestricted": false,
          "DisplayQuantity": 1,
          "RichDescription": null,
          "IsDeliveryPass": false,
          "HideWasSavedPrice": false,
          "SapCategories": null,
          "Brand": "Fancy Feast",
          "IsRestrictedByDeliveryMethod": false,
          "FooterTag": {
            "TagContent": null,
            "TagLink": null,
            "FallbackText": null,
            "TagType": "None",
            "MultibuyData": null,
            "TagContentText": null,
            "DualImageTagContent": null
          },
          "IsFooterEnabled": false,
          "Diagnostics": "83",
          "IsBundle": false,
          "IsInFamily": false,
          "ChildProducts": null,
          "UrlOverride": null,
          "AdditionalAttributes": {
            "sapdepartmentname": "GROCERIES",
            "sapdepartmentno": "5",
            "sapcategoryname": "PET FOOD",
            "sapcategoryno": "49",
            "sapsubcategoryname": "PET NEEDS - CAT FOOD WET",
            "sapsubcategoryno": "187",
            "sapsegmentname": "WET CAT SINGLE SERVE",
            "sapsegmentno": "1",
            "specialsgroupid": "3656",
            "PiesProductDepartmentNodeId": "1_61D6FEB",
            "PiesProductDepartmentsjson": "[{\"Id\":\"1_61D6FEB\",\"Description\":\"Pet\"}]",
            "piesdepartmentnamesjson": "[\"Pet\"]",
            "piescategorynamesjson": "[\"Cat & Kitten\"]",
            "piessubcategorynamesjson": "[\"Trays & Cans Cat Food\"]",
            "servingsize-total-nip": null,
            "servingsperpack-total-nip": null,
            "microwaveable": "False",
            "ovencook": "False",
            "vegetarian": "False",
            "freezable": "False",
            "containsnuts": "False",
            "containsgluten": "False",
            "description": "Make every day delicious with FANCY FEAST Classic recipes. An extensive array of delicious, mouth-watering flavours and tantalising textures your cat will love.FANCY FEAST Gravy Lovers Chicken Feast In Grilled Chicken Flavour Gravy is a highly palatable, gourmet wet cat food made for adult cats. Crafted with small, delicate bites made with chicken, slow-cooked and served in a thick grilled chicken flavour gravy. A glorious feast for your cat! All FANCY FEAST Classic recipes are 100% complete and balanced, with the goodness of high protein and the essential vitamins and minerals your cat needs, making mealtime delicious and nutritious.<BR><BR>Make every day delicious with FANCY FEAST Classic recipes. An extensive array of delicious, mouth-watering flavours and tantalising textures your cat will love.<br><br>FANCY FEAST Gravy Lovers Chicken Feast In Grilled Chicken Flavour Gravy is a highly palatable, gourmet wet cat food made for adult cats. Crafted with small, delicate bites made with chicken, slow-cooked and served in a thick grilled chicken flavour gravy. A glorious feast for your cat! <br><br>All FANCY FEAST Classic recipes are 100% complete and balanced, with the goodness of high protein and the essential vitamins and minerals your cat needs, making mealtime delicious and nutritious. <br><br>Each recipe comes in an easy-to-open and easy-to-serve 85g can that makes mealtime simple and hassle free. Serve alone or mix with dry food for a delectable texture, and a great way to add moisture to your cat’s diet. If your cat craves a variety of flavour combinations, try some of the other recipes within our range to keep her excited. <br><br>No one loves your cat like you do – and no one loves helping you find ways to delight your cat like FANCY FEAST. FANCY FEAST has been setting the standard in gourmet cat food since 1982, creating and crafting unique taste experiences time and again. Delicious tastes. Irresistible textures. Thoughtful details. Each FANCY FEAST recipe has been carefully crafted using high quality ingredients because your cat deserves nothing but the best. Your cat will taste the love with every delicious bite, and you will feel good about what you put in her dish. With over 60 irresistible recipes in the range, there’s a plate for every palate.<BR><BR>Small, delicate bites made with chicken, slow-cooked and served in a thick grilled chicken flavour gravy<BR><BR>Highly palatable gourmet wet cat food<BR><BR>Made with high-quality ingredients<BR><BR>Provides 100% complete and balanced nutrition for everyday feeding<BR><BR>A great way to add moisture to your cat’s diet<BR><BR>Comes in a convenient single-serve can<BR><BR>Available in a variety of different flavours to keep mealtime exciting",
            "ingredients": "Poultry Broth, Chicken, Liver, Wheat Gluten, Meat By-Products, Turkey, Corn Starch-Modified, Artificial And Natural Flavors, Soy Flour, Salt, Calcium Phosphate, Minerals [Potassium Chloride, Magnesium Sulfate, Zinc Sulfate, Ferrous Seat Copper Sulfate, Manganese Sulfate, Potassium Iodide], Added Color, Natural Grilled Chicken flavor, Taurine, Choline Chloride, Vitamins (Thiamine Mononitrate (Vitamin B-1), Vitamin E Supplement, Niacin (Vitamin B-3), Calcium Pantothenate (Vitamin B-5), Vitamin Supplement, Menadione Sodium Bisulfite Complex (Vitamin K), Pyridoxine Hydrochloride (Vitamin B-6), Riboflavin Supplement Vitamin B-2). Vitamin B-12 Supplement, Biotin (Vitamin B-7). Folic Acid (Vitamin B-9), Vitamin D-3 Supplement]. C-7021.",
            "nutritionalinformation": null,
            "storageinstructions": null,
            "usageinstructions": null,
            "brand": "fancy feast",
            "manufacturer": null,
            "countryoforigin": null,
            "productheightmm": null,
            "productwidthmm": null,
            "productdepthmm": null,
            "wool_productpackaging": null,
            "recyclableinformation": null,
            "importantinformation": null,
            "allergencontains": null,
            "allergenmaybepresent": null,
            "allergystatement": null,
            "lifestyleanddietarystatement": null,
            "lifestyleclaim": null,
            "wool_dietaryclaim": null,
            "boxedcontents": null,
            "suitablefor": null,
            "fragrance": null,
            "colour": null,
            "antioxidant": "False",
            "addedvitaminsandminerals": "False",
            "bpafree": "False",
            "sulfatefree": "False",
            "parabenfree": "False",
            "claims": null,
            "alcoholfree": null,
            "anti-dandruff": null,
            "dermatologicallyapproved": null,
            "dermatologistrecommended": null,
            "dermatologisttested": null,
            "fragrance-free": null,
            "haircolour": null,
            "hairtype": null,
            "hypo-allergenic": null,
            "non-comedogenic": null,
            "oilfree": null,
            "ophthalmologistapproved": null,
            "ophthalmologisttested": null,
            "paba-free": null,
            "skincondition": null,
            "skintype": null,
            "soap-free": null,
            "spf": null,
            "sweatresistant": null,
            "timer": null,
            "waterresistant": null,
            "phbalanced": null,
            "antiseptic": "False",
            "antibacterial": "False",
            "activeconstituents": null,
            "contains": null,
            "microwavesafe": "False",
            "productimagecount": "9",
            "friendlydisclaimer": null,
            "productimages": "360608.jpg,360608_1.jpg,360608_2.jpg,360608_5.jpg,360608_6.jpg,360608_7.jpg,360608_8.jpg,360608_9.jpg,360608_10.jpg",
            "healthstarrating": "0",
            "tgawarnings": null,
            "vendorarticleid": null,
            "vendorcostprice": null,
            "tgawarning": null
          },
          "DetailsImagePaths": [
            "https://cdn0.woolworths.media/content/wowproductimages/large/360608.jpg"
          ],
          "Variety": "Lovers Chicken",
          "Rating": {
            "ReviewCount": 0,
            "RatingCount": 0,
            "RatingSum": 0,
            "OneStarCount": 0,
            "TwoStarCount": 0,
            "ThreeStarCount": 0,
            "FourStarCount": 0,
            "FiveStarCount": 0,
            "Average": 0,
            "OneStarPercentage": 0,
            "TwoStarPercentage": 0,
            "ThreeStarPercentage": 0,
            "FourStarPercentage": 0,
            "FiveStarPercentage": 0
          },
          "HasProductSubs": false,
          "IsSponsoredAd": false,
          "AdID": null,
          "AdIndex": null,
          "IsMarketProduct": false,
          "IsGiftable": false,
          "Vendor": null,
          "Untraceable": false,
          "ThirdPartyProductInfo": null,
          "MarketFeatures": null,
          "MarketSpecifications": null,
          "SupplyLimitSource": "ProductLimit",
          "Tags": null,
          "IsPersonalisedByPurchaseHistory": false,
          "IsFromFacetedSearch": false,
          "NextAvailabilityDate": "2022-01-26T00:00:00.0000000Z"
        }
      ],
      "Name": "Fancy Feast Cat Food Gravy Lovers Chicken",
      "DisplayName": "Fancy Feast Cat Food Gravy Lovers Chicken 85g"
    },
    {
      "Products": [
        {
          "TileID": 0,
          "Stockcode": 327259,
          "Barcode": "50000100842",
          "GtinFormat": 0,
          "CupPrice": 1.71,
          "InstoreCupPrice": 1.71,
          "CupMeasure": "100G",
          "CupString": "$1.71 / 100G",
          "InstoreCupString": "$1.71 / 100G",
          "HasCupPrice": true,
          "InstoreHasCupPrice": true,
          "Price": 1.45,
          "InstorePrice": 1.45,
          "Name": "Fancy Feast Classic Ocean Whitefish Tuna Gravy Grilled Wet Cat Food",
          "DisplayName": "Fancy Feast Classic Ocean Whitefish Tuna Gravy Grilled Wet Cat Food 85g",
          "UrlFriendlyName": "fancy-feast-classic-ocean-whitefish-tuna-gravy-grilled-wet-cat-food",
          "Description": " Fancy Feast Classic Ocean<br>Whitefish Tuna Gravy... 85G",
          "SmallImageFile": "https://cdn0.woolworths.media/content/wowproductimages/small/327259.jpg",
          "MediumImageFile": "https://cdn0.woolworths.media/content/wowproductimages/medium/327259.jpg",
          "LargeImageFile": "https://cdn0.woolworths.media/content/wowproductimages/large/327259.jpg",
          "IsNew": false,
          "IsOnSpecial": false,
          "InstoreIsOnSpecial": false,
          "IsEdrSpecial": false,
          "SavingsAmount": 0,
          "InstoreSavingsAmount": 0,
          "WasPrice": 1.45,
          "InstoreWasPrice": 1.45,
          "QuantityInTrolley": 0,
          "Unit": "Each",
          "MinimumQuantity": 1,
          "HasBeenBoughtBefore": false,
          "IsInTrolley": false,
          "Source": "SpecialsGroup.Buy More Save More",
          "SupplyLimit": 36,
          "MaxSupplyLimitMessage": "36 item limit",
          "IsRanged": true,
          "IsInStock": true,
          "PackageSize": "85G",
          "IsPmDelivery": false,
          "IsForCollection": true,
          "IsForDelivery": true,
          "IsForExpress": true,
          "ProductRestrictionMessage": null,
          "ProductWarningMessage": null,
          "CentreTag": {
            "TagContent": null,
            "TagLink": null,
            "FallbackText": null,
            "TagType": "None",
            "MultibuyData": null,
            "TagContentText": null,
            "DualImageTagContent": null
          },
          "IsCentreTag": false,
          "ImageTag": {
            "TagContent": null,
            "TagLink": null,
            "FallbackText": "",
            "TagType": "None",
            "MultibuyData": null,
            "TagContentText": null,
            "DualImageTagContent": null
          },
          "HeaderTag": null,
          "HasHeaderTag": false,
          "UnitWeightInGrams": 0,
          "SupplyLimitMessage": "'Fancy Feast Classic Ocean Whitefish Tuna Gravy Grilled Wet Cat Food' has a supply limit of 36. The quantity in your cart has been reduced accordingly. To purchase a larger quantity, please contact us on 1800 000 610. Please note we do not supply trade orders.",
          "SmallFormatDescription": "Fancy Feast Classic Ocean Whitefish Tuna Gravy Grilled Wet Cat Food",
          "FullDescription": "Fancy Feast Classic Ocean Whitefish Tuna Gravy Grilled Wet Cat Food",
          "IsAvailable": true,
          "InstoreIsAvailable": true,
          "IsPurchasable": true,
          "InstoreIsPurchasable": true,
          "AgeRestricted": false,
          "DisplayQuantity": 1,
          "RichDescription": null,
          "IsDeliveryPass": false,
          "HideWasSavedPrice": false,
          "SapCategories": null,
          "Brand": "Fancy Feast",
          "IsRestrictedByDeliveryMethod": false,
          "FooterTag": {
            "TagContent": null,
            "TagLink": null,
            "FallbackText": null,
            "TagType": "None",
            "MultibuyData": null,
            "TagContentText": null,
            "DualImageTagContent": null
          },
          "IsFooterEnabled": false,
          "Diagnostics": "84",
          "IsBundle": false,
          "IsInFamily": false,
          "ChildProducts": null,
          "UrlOverride": null,
          "AdditionalAttributes": {
            "sapdepartmentname": "GROCERIES",
            "sapdepartmentno": "5",
            "sapcategoryname": "PET FOOD",
            "sapcategoryno": "49",
            "sapsubcategoryname": "PET NEEDS - CAT FOOD WET",
            "sapsubcategoryno": "187",
            "sapsegmentname": "WET CAT SINGLE SERVE",
            "sapsegmentno": "1",
            "specialsgroupid": "3656",
            "PiesProductDepartmentNodeId": "1_61D6FEB",
            "PiesProductDepartmentsjson": "[{\"Id\":\"1_61D6FEB\",\"Description\":\"Pet\"}]",
            "piesdepartmentnamesjson": "[\"Pet\"]",
            "piescategorynamesjson": "[\"Cat & Kitten\"]",
            "piessubcategorynamesjson": "[\"Chilled Cat Food\",\"Trays & Cans Cat Food\"]",
            "servingsize-total-nip": null,
            "servingsperpack-total-nip": null,
            "microwaveable": "False",
            "ovencook": "False",
            "vegetarian": "False",
            "freezable": "False",
            "containsnuts": "False",
            "containsgluten": "False",
            "description": "<p>Make every day delicious with FANCY FEAST Classic recipes. An extensive array of delicious, mouth-watering flavours and tantalising textures your cat will love. A glorious feast for your cat! All FANCY FEAST Classic recipes are 100% complete and balanced, with the goodness of high protein and the essential vitamins and minerals your cat needs, making mealtime delicious and nutritious.<BR><BR>Make every day delicious with FANCY FEAST Classic recipes. An extensive array of delicious, mouth-watering flavours and tantalising textures your cat will love.<br/> <br/>FANCY FEAST Classic Grilled Ocean Whitefish & Tuna Feast In Gravy is a highly palatable, gourmet wet cat food made for adult cats. Grilled cuts made with ocean whitefish & tuna, slow-cooked to perfection and basted in a savory gravy. A glorious feast for your cat! <br/><br/>All FANCY FEAST Classic recipes are 100% complete and balanced, with the goodness of high protein and the essential vitamins and minerals your cat needs, making mealtime delicious and nutritious. <br/><br/>Each recipe comes in an easy-to-open and easy-to-serve 85g can that makes mealtime simple and hassle free. Serve alone or mix with dry food for a delectable texture, and a great way to add moisture to your cat’s diet. If your cat craves a variety of flavour combinations, try some of the other recipes within our range to keep her excited. <br/><br/>No one loves your cat like you do – and no one loves helping you find ways to delight your cat like FANCY FEAST. FANCY FEAST has been setting the standard in gourmet cat food since 1982, creating and crafting unique taste experiences time and again. Delicious tastes. Irresistible textures. Thoughtful details. Each FANCY FEAST recipe has been carefully crafted using high quality ingredients because your cat deserves nothing but the best. Your cat will taste the love with every delicious bite, and you will feel good about what you put in her dish. With over 60 irresistible recipes in the range, there’s a plate for every palate.<BR><BR>Grilled cuts made with ocean whitefish & tuna, slow-cooked and basted in a savory gravy<BR><BR>Highly palatable gourmet wet cat food<BR><BR>Made with high-quality ingredients<BR><BR>Provides 100% complete and balanced nutrition for everyday feeding<BR><BR>A great way to add moisture to your cat’s diet<BR><BR>Comes in a convenient single-serve can<BR><BR>Available in a variety of different flavours to keep mealtime exciting</p>",
            "ingredients": "Fish Broth, Meat Byproducts, Wheat Gluten, Ocean Whitefish, Tuna, Chicken, Corn Starch-Modified, Artificial And Natural Flavors, Corn Oil, Salt, Tricalcium Phosphate, Soy Protein Concentrate, Added Color, Minerals [Potassium Chloride, Magnesium Sulfate, Zinc Sulfate, Ferrous Sulfate, Copper Sulfate, Manganese Sulfate, Potassium Iodide], Taurine, Choline Chloride, Vitamins [Thiamine Mononitrate (Vitamin B-1), Vitamin E Supplement, Niacin (Vitamin B-3), Calcium Pantothenate (Vitamin B-5), Vitamin A Supplement, Menadione Sodium Bisulfite Complex (Vitamin K), Pyridoxine Hydrochloride (Vitamin B-6), Riboflavin Supplement (Vitamin B-2), Vitamin B-12 Supplement, Biotin (Vitamin B-7), Folic Acid (Vitamin B-9), Vitamin D-3 Supplement]. D-6925.",
            "nutritionalinformation": null,
            "storageinstructions": null,
            "usageinstructions": null,
            "brand": "fancy feast",
            "manufacturer": null,
            "countryoforigin": null,
            "productheightmm": null,
            "productwidthmm": null,
            "productdepthmm": null,
            "wool_productpackaging": null,
            "recyclableinformation": null,
            "importantinformation": null,
            "allergencontains": null,
            "allergenmaybepresent": null,
            "allergystatement": null,
            "lifestyleanddietarystatement": null,
            "lifestyleclaim": null,
            "wool_dietaryclaim": null,
            "boxedcontents": null,
            "suitablefor": null,
            "fragrance": null,
            "colour": null,
            "antioxidant": "False",
            "addedvitaminsandminerals": "False",
            "bpafree": "False",
            "sulfatefree": "False",
            "parabenfree": "False",
            "claims": null,
            "alcoholfree": null,
            "anti-dandruff": null,
            "dermatologicallyapproved": null,
            "dermatologistrecommended": null,
            "dermatologisttested": null,
            "fragrance-free": null,
            "haircolour": null,
            "hairtype": null,
            "hypo-allergenic": null,
            "non-comedogenic": null,
            "oilfree": null,
            "ophthalmologistapproved": null,
            "ophthalmologisttested": null,
            "paba-free": null,
            "skincondition": null,
            "skintype": null,
            "soap-free": null,
            "spf": null,
            "sweatresistant": null,
            "timer": null,
            "waterresistant": null,
            "phbalanced": null,
            "antiseptic": "False",
            "antibacterial": "False",
            "activeconstituents": null,
            "contains": null,
            "microwavesafe": "False",
            "productimagecount": "8",
            "friendlydisclaimer": null,
            "productimages": "327259.jpg,327259_1.jpg,327259_2.jpg,327259_6.jpg,327259_7.jpg,327259_8.jpg,327259_9.jpg,327259_10.jpg",
            "healthstarrating": "0",
            "tgawarnings": null,
            "vendorarticleid": null,
            "vendorcostprice": null,
            "tgawarning": null
          },
          "DetailsImagePaths": [
            "https://cdn0.woolworths.media/content/wowproductimages/large/327259.jpg"
          ],
          "Variety": "Gravy Grilled Wet Cat Food",
          "Rating": {
            "ReviewCount": 0,
            "RatingCount": 0,
            "RatingSum": 0,
            "OneStarCount": 0,
            "TwoStarCount": 0,
            "ThreeStarCount": 0,
            "FourStarCount": 0,
            "FiveStarCount": 0,
            "Average": 0,
            "OneStarPercentage": 0,
            "TwoStarPercentage": 0,
            "ThreeStarPercentage": 0,
            "FourStarPercentage": 0,
            "FiveStarPercentage": 0
          },
          "HasProductSubs": false,
          "IsSponsoredAd": false,
          "AdID": null,
          "AdIndex": null,
          "IsMarketProduct": false,
          "IsGiftable": false,
          "Vendor": null,
          "Untraceable": false,
          "ThirdPartyProductInfo": null,
          "MarketFeatures": null,
          "MarketSpecifications": null,
          "SupplyLimitSource": "ProductLimit",
          "Tags": null,
          "IsPersonalisedByPurchaseHistory": false,
          "IsFromFacetedSearch": false,
          "NextAvailabilityDate": "2022-01-26T00:00:00.0000000Z"
        }
      ],
      "Name": "Fancy Feast Classic Ocean Whitefish Tuna Gravy Grilled Wet Cat Food",
      "DisplayName": "Fancy Feast Classic Ocean Whitefish Tuna Gravy Grilled Wet Cat Food 85g"
    },
    {
      "Products": [
        {
          "TileID": 0,
          "Stockcode": 327266,
          "Barcode": "50000574988",
          "GtinFormat": 0,
          "CupPrice": 1.71,
          "InstoreCupPrice": 1.71,
          "CupMeasure": "100G",
          "CupString": "$1.71 / 100G",
          "InstoreCupString": "$1.71 / 100G",
          "HasCupPrice": true,
          "InstoreHasCupPrice": true,
          "Price": 1.45,
          "InstorePrice": 1.45,
          "Name": "Fancy Feast Kitten Classic Tender Ocean Whitefish Wet Cat Food",
          "DisplayName": "Fancy Feast Kitten Classic Tender Ocean Whitefish Wet Cat Food 85g",
          "UrlFriendlyName": "fancy-feast-kitten-classic-tender-ocean-whitefish-wet-cat-food",
          "Description": " Fancy Feast Kitten Classic<br>Tender Ocean... 85G",
          "SmallImageFile": "https://cdn0.woolworths.media/content/wowproductimages/small/327266.jpg",
          "MediumImageFile": "https://cdn0.woolworths.media/content/wowproductimages/medium/327266.jpg",
          "LargeImageFile": "https://cdn0.woolworths.media/content/wowproductimages/large/327266.jpg",
          "IsNew": false,
          "IsOnSpecial": false,
          "InstoreIsOnSpecial": false,
          "IsEdrSpecial": false,
          "SavingsAmount": 0,
          "InstoreSavingsAmount": 0,
          "WasPrice": 1.45,
          "InstoreWasPrice": 1.45,
          "QuantityInTrolley": 0,
          "Unit": "Each",
          "MinimumQuantity": 1,
          "HasBeenBoughtBefore": false,
          "IsInTrolley": false,
          "Source": "SpecialsGroup.Buy More Save More",
          "SupplyLimit": 36,
          "MaxSupplyLimitMessage": "36 item limit",
          "IsRanged": true,
          "IsInStock": true,
          "PackageSize": "85G",
          "IsPmDelivery": false,
          "IsForCollection": true,
          "IsForDelivery": true,
          "IsForExpress": true,
          "ProductRestrictionMessage": null,
          "ProductWarningMessage": null,
          "CentreTag": {
            "TagContent": null,
            "TagLink": null,
            "FallbackText": null,
            "TagType": "None",
            "MultibuyData": null,
            "TagContentText": null,
            "DualImageTagContent": null
          },
          "IsCentreTag": false,
          "ImageTag": {
            "TagContent": null,
            "TagLink": null,
            "FallbackText": "",
            "TagType": "None",
            "MultibuyData": null,
            "TagContentText": null,
            "DualImageTagContent": null
          },
          "HeaderTag": null,
          "HasHeaderTag": false,
          "UnitWeightInGrams": 0,
          "SupplyLimitMessage": "'Fancy Feast Kitten Classic Tender Ocean Whitefish Wet Cat Food' has a supply limit of 36. The quantity in your cart has been reduced accordingly. To purchase a larger quantity, please contact us on 1800 000 610. Please note we do not supply trade orders.",
          "SmallFormatDescription": "Fancy Feast Kitten Classic Tender Ocean Whitefish Wet Cat Food",
          "FullDescription": "Fancy Feast Kitten Classic Tender Ocean Whitefish Wet Cat Food",
          "IsAvailable": true,
          "InstoreIsAvailable": true,
          "IsPurchasable": true,
          "InstoreIsPurchasable": true,
          "AgeRestricted": false,
          "DisplayQuantity": 1,
          "RichDescription": null,
          "IsDeliveryPass": false,
          "HideWasSavedPrice": false,
          "SapCategories": null,
          "Brand": "Fancy Feast",
          "IsRestrictedByDeliveryMethod": false,
          "FooterTag": {
            "TagContent": null,
            "TagLink": null,
            "FallbackText": null,
            "TagType": "None",
            "MultibuyData": null,
            "TagContentText": null,
            "DualImageTagContent": null
          },
          "IsFooterEnabled": false,
          "Diagnostics": "85",
          "IsBundle": false,
          "IsInFamily": false,
          "ChildProducts": null,
          "UrlOverride": null,
          "AdditionalAttributes": {
            "sapdepartmentname": "GROCERIES",
            "sapdepartmentno": "5",
            "sapcategoryname": "PET FOOD",
            "sapcategoryno": "49",
            "sapsubcategoryname": "PET NEEDS - CAT FOOD WET",
            "sapsubcategoryno": "187",
            "sapsegmentname": "WET CAT SINGLE SERVE",
            "sapsegmentno": "1",
            "specialsgroupid": "3656",
            "PiesProductDepartmentNodeId": "1_61D6FEB",
            "PiesProductDepartmentsjson": "[{\"Id\":\"1_61D6FEB\",\"Description\":\"Pet\"}]",
            "piesdepartmentnamesjson": "[\"Pet\"]",
            "piescategorynamesjson": "[\"Cat & Kitten\"]",
            "piessubcategorynamesjson": "[\"Chilled Cat Food\",\"Trays & Cans Cat Food\"]",
            "servingsize-total-nip": null,
            "servingsperpack-total-nip": null,
            "microwaveable": "False",
            "ovencook": "False",
            "vegetarian": "False",
            "freezable": "False",
            "containsnuts": "False",
            "containsgluten": "False",
            "description": "<p>Make every day delicious with FANCY FEAST Classic recipes. An extensive array of delicious, mouth-watering flavours and tantalising textures your cat will love. FANCY FEAST Classic Tender Ocean Whitefish Feast is a highly palatable, gourmet wet cat food made for kittens. A finely ground paté made with real ocean whitefish. A glorious feast for your cat! <br/><br/>All FANCY FEAST Classic recipes are 100% complete and balanced, with the goodness of high protein and the essential vitamins and minerals your cat needs, making mealtime delicious and nutritious. <br/><br/>Each recipe comes in an easy-to-open and easy-to-serve 85g can that makes mealtime simple and hassle free. Serve alone or mix with dry food for a delectable texture, and a great way to add moisture to your cat’s diet. If your cat craves a variety of flavour combinations, try some of the other recipes within our range to keep her excited. <br/><br/>No one loves your cat like you do – and no one loves helping you find ways to delight your cat like FANCY FEAST. FANCY FEAST has been setting the standard in gourmet cat food since 1982, creating and crafting unique taste experiences time and again. Delicious tastes. Irresistible textures. Thoughtful details. Each FANCY FEAST recipe has been carefully crafted using high quality ingredients because your cat deserves nothing but the best. Your cat will taste the love with every delicious bite, and you will feel good about what you put in her dish. With over 60 irresistible recipes in the range, there’s a plate for every palate.<BR><BR>Finely ground paté made with real ocean whitefish<BR><BR>Highly palatable gourmet wet cat food<BR><BR>Made with high-quality ingredients<BR><BR>Provides 100% complete and balanced nutrition for everyday feeding<BR><BR>A great way to add moisture to your cat’s diet<BR><BR>Comes in a convenient single-serve can<BR><BR>Available in a variety of different flavours to keep mealtime exciting.</p>",
            "ingredients": "Ocean White Fish, Liver, Meat By-Products, Chicken, Fish Broth, Milk, Egg Product, Artificial And Natural Flavors, Tricalcium Phosphate, Added Color, Guar Gum, Minerals [Potassium Chloride, Magnesium Sulfate, Zinc Sulfate, Ferrous Sulfate, Copper Sulfate, Manganese Sulfate, Potassium Iodide], Salt, Vitamins [Vitamin E Supplement, Thiamine Mononitrate (Vitamin B-1), Niacin (Vitamin 8-3), Calcium Pantothenate (Vitamin B-5), Vitamin A Supplement, Menadione Sodium Bisulfite Complex (Vitamin K), Pyridoxine Hydrochloride (Vitamin B-6), Riboflavin Supplement (Vitamin B-2), Vitamin B-12 Supplement, Biotin (Vitamin B-7), Folic Acid (Vitamin B-9), Vitamin D-3 Supplement, Taurine, C-6620.",
            "nutritionalinformation": null,
            "storageinstructions": null,
            "usageinstructions": null,
            "brand": "fancy feast",
            "manufacturer": null,
            "countryoforigin": null,
            "productheightmm": null,
            "productwidthmm": null,
            "productdepthmm": null,
            "wool_productpackaging": null,
            "recyclableinformation": null,
            "importantinformation": null,
            "allergencontains": null,
            "allergenmaybepresent": null,
            "allergystatement": null,
            "lifestyleanddietarystatement": null,
            "lifestyleclaim": null,
            "wool_dietaryclaim": null,
            "boxedcontents": null,
            "suitablefor": null,
            "fragrance": null,
            "colour": null,
            "antioxidant": "False",
            "addedvitaminsandminerals": "False",
            "bpafree": "False",
            "sulfatefree": "False",
            "parabenfree": "False",
            "claims": null,
            "alcoholfree": null,
            "anti-dandruff": null,
            "dermatologicallyapproved": null,
            "dermatologistrecommended": null,
            "dermatologisttested": null,
            "fragrance-free": null,
            "haircolour": null,
            "hairtype": null,
            "hypo-allergenic": null,
            "non-comedogenic": null,
            "oilfree": null,
            "ophthalmologistapproved": null,
            "ophthalmologisttested": null,
            "paba-free": null,
            "skincondition": null,
            "skintype": null,
            "soap-free": null,
            "spf": null,
            "sweatresistant": null,
            "timer": null,
            "waterresistant": null,
            "phbalanced": null,
            "antiseptic": "False",
            "antibacterial": "False",
            "activeconstituents": null,
            "contains": null,
            "microwavesafe": "False",
            "productimagecount": "8",
            "friendlydisclaimer": null,
            "productimages": "327266.jpg,327266_1.jpg,327266_2.jpg,327266_6.jpg,327266_7.jpg,327266_8.jpg,327266_9.jpg,327266_10.jpg",
            "healthstarrating": "0",
            "tgawarnings": null,
            "vendorarticleid": null,
            "vendorcostprice": null,
            "tgawarning": null
          },
          "DetailsImagePaths": [
            "https://cdn0.woolworths.media/content/wowproductimages/large/327266.jpg"
          ],
          "Variety": "Whitefish Wet Cat Food",
          "Rating": {
            "ReviewCount": 0,
            "RatingCount": 0,
            "RatingSum": 0,
            "OneStarCount": 0,
            "TwoStarCount": 0,
            "ThreeStarCount": 0,
            "FourStarCount": 0,
            "FiveStarCount": 0,
            "Average": 0,
            "OneStarPercentage": 0,
            "TwoStarPercentage": 0,
            "ThreeStarPercentage": 0,
            "FourStarPercentage": 0,
            "FiveStarPercentage": 0
          },
          "HasProductSubs": false,
          "IsSponsoredAd": false,
          "AdID": null,
          "AdIndex": null,
          "IsMarketProduct": false,
          "IsGiftable": false,
          "Vendor": null,
          "Untraceable": false,
          "ThirdPartyProductInfo": null,
          "MarketFeatures": null,
          "MarketSpecifications": null,
          "SupplyLimitSource": "ProductLimit",
          "Tags": null,
          "IsPersonalisedByPurchaseHistory": false,
          "IsFromFacetedSearch": false,
          "NextAvailabilityDate": "2022-01-26T00:00:00.0000000Z"
        }
      ],
      "Name": "Fancy Feast Kitten Classic Tender Ocean Whitefish Wet Cat Food",
      "DisplayName": "Fancy Feast Kitten Classic Tender Ocean Whitefish Wet Cat Food 85g"
    },
    {
      "Products": [
        {
          "TileID": 0,
          "Stockcode": 677607,
          "Barcode": "9321337177106",
          "GtinFormat": 13,
          "CupPrice": null,
          "InstoreCupPrice": null,
          "CupMeasure": "0",
          "CupString": "",
          "InstoreCupString": "",
          "HasCupPrice": false,
          "InstoreHasCupPrice": false,
          "Price": null,
          "InstorePrice": null,
          "Name": "Dvd Ferdinand Dvd",
          "DisplayName": "Ferdinand Dvd Each",
          "UrlFriendlyName": "dvd-ferdinand-dvd",
          "Description": " Dvd Ferdinand Dvd Each",
          "SmallImageFile": "https://cdn0.woolworths.media/content/wowproductimages/small/677607.jpg",
          "MediumImageFile": "https://cdn0.woolworths.media/content/wowproductimages/medium/677607.jpg",
          "LargeImageFile": "https://cdn0.woolworths.media/content/wowproductimages/large/677607.jpg",
          "IsNew": false,
          "IsOnSpecial": false,
          "InstoreIsOnSpecial": false,
          "IsEdrSpecial": false,
          "SavingsAmount": null,
          "InstoreSavingsAmount": null,
          "WasPrice": 13,
          "InstoreWasPrice": 13,
          "QuantityInTrolley": 0,
          "Unit": "Each",
          "MinimumQuantity": 1,
          "HasBeenBoughtBefore": false,
          "IsInTrolley": false,
          "Source": "SpecialsGroup.Buy More Save More",
          "SupplyLimit": 5,
          "MaxSupplyLimitMessage": "5 item limit",
          "IsRanged": true,
          "IsInStock": false,
          "PackageSize": "Each",
          "IsPmDelivery": false,
          "IsForCollection": true,
          "IsForDelivery": true,
          "IsForExpress": true,
          "ProductRestrictionMessage": null,
          "ProductWarningMessage": null,
          "CentreTag": {
            "TagContent": null,
            "TagLink": null,
            "FallbackText": null,
            "TagType": "None",
            "MultibuyData": null,
            "TagContentText": null,
            "DualImageTagContent": null
          },
          "IsCentreTag": false,
          "ImageTag": {
            "TagContent": null,
            "TagLink": null,
            "FallbackText": null,
            "TagType": "None",
            "MultibuyData": null,
            "TagContentText": null,
            "DualImageTagContent": null
          },
          "HeaderTag": null,
          "HasHeaderTag": false,
          "UnitWeightInGrams": 0,
          "SupplyLimitMessage": "'Dvd Ferdinand Dvd' has a supply limit of 5. The quantity in your cart has been reduced accordingly. To purchase a larger quantity, please contact us on 1800 000 610. Please note we do not supply trade orders.",
          "SmallFormatDescription": "Dvd Ferdinand Dvd",
          "FullDescription": "Dvd Ferdinand Dvd",
          "IsAvailable": false,
          "InstoreIsAvailable": true,
          "IsPurchasable": false,
          "InstoreIsPurchasable": false,
          "AgeRestricted": false,
          "DisplayQuantity": 1,
          "RichDescription": null,
          "IsDeliveryPass": false,
          "HideWasSavedPrice": true,
          "SapCategories": null,
          "Brand": "DVD",
          "IsRestrictedByDeliveryMethod": false,
          "FooterTag": {
            "TagContent": null,
            "TagLink": null,
            "FallbackText": null,
            "TagType": "None",
            "MultibuyData": null,
            "TagContentText": null,
            "DualImageTagContent": null
          },
          "IsFooterEnabled": false,
          "Diagnostics": "86",
          "IsBundle": false,
          "IsInFamily": false,
          "ChildProducts": null,
          "UrlOverride": null,
          "AdditionalAttributes": {
            "sapdepartmentname": "GENERAL MERCHANDISE",
            "sapdepartmentno": "15",
            "sapcategoryname": "ELECTRICAL",
            "sapcategoryno": "12",
            "sapsubcategoryname": "DVDS",
            "sapsubcategoryno": "276",
            "sapsegmentname": "DISNEY",
            "sapsegmentno": "4",
            "specialsgroupid": "3656",
            "PiesProductDepartmentNodeId": "1_2432B58",
            "PiesProductDepartmentsjson": "[{\"Id\":\"1_2432B58\",\"Description\":\"Household\"}]",
            "piesdepartmentnamesjson": "[\"Household\"]",
            "piescategorynamesjson": "[\"Stationery & Media\"]",
            "piessubcategorynamesjson": "[\"DVD & Blu-Ray\"]",
            "servingsize-total-nip": null,
            "servingsperpack-total-nip": null,
            "microwaveable": "False",
            "ovencook": "False",
            "vegetarian": "False",
            "freezable": "False",
            "containsnuts": "False",
            "containsgluten": "False",
            "description": null,
            "ingredients": null,
            "nutritionalinformation": null,
            "storageinstructions": null,
            "usageinstructions": null,
            "brand": null,
            "manufacturer": null,
            "countryoforigin": null,
            "productheightmm": null,
            "productwidthmm": null,
            "productdepthmm": null,
            "wool_productpackaging": null,
            "recyclableinformation": null,
            "importantinformation": null,
            "allergencontains": null,
            "allergenmaybepresent": null,
            "allergystatement": null,
            "lifestyleanddietarystatement": null,
            "lifestyleclaim": null,
            "wool_dietaryclaim": null,
            "boxedcontents": null,
            "suitablefor": null,
            "fragrance": null,
            "colour": null,
            "antioxidant": "False",
            "addedvitaminsandminerals": "False",
            "bpafree": "False",
            "sulfatefree": "False",
            "parabenfree": "False",
            "claims": null,
            "alcoholfree": null,
            "anti-dandruff": null,
            "dermatologicallyapproved": null,
            "dermatologistrecommended": null,
            "dermatologisttested": null,
            "fragrance-free": null,
            "haircolour": null,
            "hairtype": null,
            "hypo-allergenic": null,
            "non-comedogenic": null,
            "oilfree": null,
            "ophthalmologistapproved": null,
            "ophthalmologisttested": null,
            "paba-free": null,
            "skincondition": null,
            "skintype": null,
            "soap-free": null,
            "spf": null,
            "sweatresistant": null,
            "timer": null,
            "waterresistant": null,
            "phbalanced": null,
            "antiseptic": "False",
            "antibacterial": "False",
            "activeconstituents": null,
            "contains": null,
            "microwavesafe": "False",
            "productimagecount": "1",
            "friendlydisclaimer": null,
            "productimages": "677607.jpg",
            "healthstarrating": "0",
            "tgawarnings": null,
            "vendorarticleid": null,
            "vendorcostprice": null,
            "tgawarning": null
          },
          "DetailsImagePaths": [
            "https://cdn0.woolworths.media/content/wowproductimages/large/677607.jpg"
          ],
          "Variety": "Dvd",
          "Rating": {
            "ReviewCount": 0,
            "RatingCount": 0,
            "RatingSum": 0,
            "OneStarCount": 0,
            "TwoStarCount": 0,
            "ThreeStarCount": 0,
            "FourStarCount": 0,
            "FiveStarCount": 0,
            "Average": 0,
            "OneStarPercentage": 0,
            "TwoStarPercentage": 0,
            "ThreeStarPercentage": 0,
            "FourStarPercentage": 0,
            "FiveStarPercentage": 0
          },
          "HasProductSubs": false,
          "IsSponsoredAd": false,
          "AdID": null,
          "AdIndex": null,
          "IsMarketProduct": false,
          "IsGiftable": false,
          "Vendor": null,
          "Untraceable": false,
          "ThirdPartyProductInfo": null,
          "MarketFeatures": null,
          "MarketSpecifications": null,
          "SupplyLimitSource": "ProductLimit",
          "Tags": null,
          "IsPersonalisedByPurchaseHistory": false,
          "IsFromFacetedSearch": false,
          "NextAvailabilityDate": null
        }
      ],
      "Name": "Dvd Ferdinand Dvd",
      "DisplayName": "Ferdinand Dvd Each"
    },
    {
      "Products": [
        {
          "TileID": 0,
          "Stockcode": 293610,
          "Barcode": "9310988009140",
          "GtinFormat": 13,
          "CupPrice": 3.15,
          "InstoreCupPrice": 3.15,
          "CupMeasure": "100G",
          "CupString": "$3.15 / 100G",
          "InstoreCupString": "$3.15 / 100G",
          "HasCupPrice": true,
          "InstoreHasCupPrice": true,
          "Price": 3.5,
          "InstorePrice": 3.5,
          "Name": "French Fries Multipack Original",
          "DisplayName": "French Fries Multipack Original 6 Pack",
          "UrlFriendlyName": "french-fries-multipack-original",
          "Description": " French Fries Multipack<br>Original 6 Pack",
          "SmallImageFile": "https://cdn0.woolworths.media/content/wowproductimages/small/293610.jpg",
          "MediumImageFile": "https://cdn0.woolworths.media/content/wowproductimages/medium/293610.jpg",
          "LargeImageFile": "https://cdn0.woolworths.media/content/wowproductimages/large/293610.jpg",
          "IsNew": false,
          "IsOnSpecial": false,
          "InstoreIsOnSpecial": false,
          "IsEdrSpecial": false,
          "SavingsAmount": 0,
          "InstoreSavingsAmount": 0,
          "WasPrice": 3.5,
          "InstoreWasPrice": 3.5,
          "QuantityInTrolley": 0,
          "Unit": "Each",
          "MinimumQuantity": 1,
          "HasBeenBoughtBefore": false,
          "IsInTrolley": false,
          "Source": "SpecialsGroup.Buy More Save More",
          "SupplyLimit": 36,
          "MaxSupplyLimitMessage": "36 item limit",
          "IsRanged": true,
          "IsInStock": true,
          "PackageSize": "6 Pack",
          "IsPmDelivery": false,
          "IsForCollection": true,
          "IsForDelivery": true,
          "IsForExpress": true,
          "ProductRestrictionMessage": null,
          "ProductWarningMessage": null,
          "CentreTag": {
            "TagContent": "<a title=\"2 for 5.50\" href=\"/Shop/OfferGroup/12201351\" ><span style=\"COLOR: #e00216\">2 for $5.50</span> $2.48/100G</a>",
            "TagLink": "",
            "FallbackText": null,
            "TagType": "Html",
            "MultibuyData": {
              "Quantity": 2,
              "Price": 5.5,
              "CupTag": "$2.48/100G"
            },
            "TagContentText": "2 for $5.50 $2.48/100G",
            "DualImageTagContent": null
          },
          "IsCentreTag": true,
          "ImageTag": {
            "TagContent": "/content/promotiontags/roundel-buy-more-save-more-200x200.png",
            "TagLink": null,
            "FallbackText": "Buy More Save More",
            "TagType": "None",
            "MultibuyData": null,
            "TagContentText": null,
            "DualImageTagContent": null
          },
          "HeaderTag": null,
          "HasHeaderTag": false,
          "UnitWeightInGrams": 0,
          "SupplyLimitMessage": "'French Fries Multipack Original' has a supply limit of 36. The quantity in your cart has been reduced accordingly. To purchase a larger quantity, please contact us on 1800 000 610. Please note we do not supply trade orders.",
          "SmallFormatDescription": "French Fries Multipack Original",
          "FullDescription": "French Fries Multipack Original",
          "IsAvailable": true,
          "InstoreIsAvailable": true,
          "IsPurchasable": true,
          "InstoreIsPurchasable": true,
          "AgeRestricted": false,
          "DisplayQuantity": 1,
          "RichDescription": null,
          "IsDeliveryPass": false,
          "HideWasSavedPrice": false,
          "SapCategories": null,
          "Brand": "French Fries",
          "IsRestrictedByDeliveryMethod": false,
          "FooterTag": {
            "TagContent": null,
            "TagLink": null,
            "FallbackText": null,
            "TagType": "None",
            "MultibuyData": null,
            "TagContentText": null,
            "DualImageTagContent": null
          },
          "IsFooterEnabled": false,
          "Diagnostics": "87",
          "IsBundle": false,
          "IsInFamily": false,
          "ChildProducts": null,
          "UrlOverride": null,
          "AdditionalAttributes": {
            "sapdepartmentname": "GROCERIES",
            "sapdepartmentno": "5",
            "sapcategoryname": "SNACKS",
            "sapcategoryno": "58",
            "sapsubcategoryname": "CHIPS - MULTIPACKS",
            "sapsubcategoryno": "64",
            "sapsegmentname": "UP TO 15PK",
            "sapsegmentno": "1",
            "specialsgroupid": "3656",
            "PiesProductDepartmentNodeId": "1_39FD49C",
            "PiesProductDepartmentsjson": "[{\"Id\":\"1_39FD49C\",\"Description\":\"Pantry\"},{\"Id\":\"1_9E92C35\",\"Description\":\"Lunch Box\"}]",
            "piesdepartmentnamesjson": "[\"Pantry\",\"Lunch Box\"]",
            "piescategorynamesjson": "[\"Lunch Box\",\"Snacks & Confectionery\",\"Snacks\"]",
            "piessubcategorynamesjson": "[\"Chips Multi-Pack\",\"Chips & Biscuits\",\"Chips\"]",
            "servingsize-total-nip": null,
            "servingsperpack-total-nip": null,
            "microwaveable": "False",
            "ovencook": "False",
            "vegetarian": "False",
            "freezable": "False",
            "containsnuts": "False",
            "containsgluten": "False",
            "description": "<p>Crunchy potato straws with a uniquely satisfying crunch!  Our French Fries are, Gluten Free and Vegetarian Friendly. Now in a convenient pack of 6 - they're also a perfect snack for the lunch box!</p>",
            "ingredients": "Potatoes, Vegetable Oil, Salt.",
            "nutritionalinformation": "{\"Name\":\"Nutritional Information\",\"Attributes\":[{\"Id\":705,\"Name\":\"Carbohydrate Quantity Per 100g - Total - NIP\",\"Value\":\"49.4g\",\"Description\":\"Carbohydrate Quantity Per 100g - Total - NIP\",\"SortOrder\":83},{\"Id\":706,\"Name\":\"Carbohydrate Quantity Per Serve - Total - NIP\",\"Value\":\"9.1g\",\"Description\":\"Carbohydrate Quantity Per Serve - Total - NIP\",\"SortOrder\":87},{\"Id\":191,\"Name\":\"Dietary Fibre Quantity Per 100g - Total - NIP\",\"Value\":\"3.1g\",\"Description\":\"Dietary Fibre Quantity Per 100g - Total - NIP\",\"SortOrder\":175},{\"Id\":120,\"Name\":\"Dietary Fibre Quantity Per Serve - Total - NIP\",\"Value\":\"0.6g\",\"Description\":\"Dietary Fibre Quantity Per Serve - Total - NIP\",\"SortOrder\":179},{\"Id\":759,\"Name\":\"Energy kJ Quantity Per 100g - Total - NIP\",\"Value\":\"2200kJ\",\"Description\":\"Energy kJ Quantity Per 100g - Total - NIP\",\"SortOrder\":239},{\"Id\":760,\"Name\":\"Energy kJ Quantity Per Serve - Total - NIP\",\"Value\":\"407kJ\",\"Description\":\"Energy kJ Quantity Per Serve - Total - NIP\",\"SortOrder\":243},{\"Id\":253,\"Name\":\"Fat Saturated Quantity Per 100g - Total - NIP\",\"Value\":\"15.6g\",\"Description\":\"Fat Saturated Quantity Per 100g - Total - NIP\",\"SortOrder\":251},{\"Id\":258,\"Name\":\"Fat Saturated Quantity Per Serve - Total - NIP\",\"Value\":\"2.9g\",\"Description\":\"Fat Saturated Quantity Per Serve - Total - NIP\",\"SortOrder\":255},{\"Id\":764,\"Name\":\"Fat Total Quantity Per 100g - Total - NIP\",\"Value\":\"33.4g\",\"Description\":\"Fat Total Quantity Per 100g - Total - NIP\",\"SortOrder\":263},{\"Id\":264,\"Name\":\"Fat Total Quantity Per Serve - Total - NIP\",\"Value\":\"6.2g\",\"Description\":\"Fat Total Quantity Per Serve - Total - NIP\",\"SortOrder\":267},{\"Id\":878,\"Name\":\"Protein Quantity Per 100g - Total - NIP\",\"Value\":\"7.4g\",\"Description\":\"Protein Quantity Per 100g - Total - NIP\",\"SortOrder\":587},{\"Id\":882,\"Name\":\"Protein Quantity Per Serve - Total - NIP\",\"Value\":\"1.4g\",\"Description\":\"Protein Quantity Per Serve - Total - NIP\",\"SortOrder\":591},{\"Id\":477,\"Name\":\"Serving Size - Total - NIP\",\"Value\":\"18.5g\",\"Description\":\"Serving Size - Total - NIP\",\"SortOrder\":607},{\"Id\":544,\"Name\":\"Servings Per Pack - Total - NIP\",\"Value\":\"6\",\"Description\":\"Servings Per Pack - Total - NIP\",\"SortOrder\":611},{\"Id\":491,\"Name\":\"Sodium Quantity Per 100g - Total - NIP\",\"Value\":\"717mg\",\"Description\":\"Sodium Quantity Per 100g - Total - NIP\",\"SortOrder\":623},{\"Id\":495,\"Name\":\"Sodium Quantity Per Serve - Total - NIP\",\"Value\":\"133mg\",\"Description\":\"Sodium Quantity Per Serve - Total - NIP\",\"SortOrder\":627},{\"Id\":907,\"Name\":\"Sugars Quantity Per 100g - Prefix - NIP\",\"Value\":\"\",\"Description\":\"Sugars Quantity Per 100g - Prefix - NIP\",\"SortOrder\":645},{\"Id\":908,\"Name\":\"Sugars Quantity Per 100g - SuffixUnits - NIP\",\"Value\":\"g\",\"Description\":\"Sugars Quantity Per 100g - SuffixUnits - NIP\",\"SortOrder\":646},{\"Id\":909,\"Name\":\"Sugars Quantity Per 100g - Total - NIP\",\"Value\":\"3.2g\",\"Description\":\"Sugars Quantity Per 100g - Total - NIP\",\"SortOrder\":647},{\"Id\":910,\"Name\":\"Sugars Quantity Per 100g - ValueWord - NIP\",\"Value\":\"3.2\",\"Description\":\"Sugars Quantity Per 100g - ValueWord - NIP\",\"SortOrder\":648},{\"Id\":504,\"Name\":\"Sugars Quantity Per Serve - Prefix - NIP\",\"Value\":\"\",\"Description\":\"Sugars Quantity Per Serve - Prefix - NIP\",\"SortOrder\":649},{\"Id\":911,\"Name\":\"Sugars Quantity Per Serve - SuffixUnits - NIP\",\"Value\":\"g\",\"Description\":\"Sugars Quantity Per Serve - SuffixUnits - NIP\",\"SortOrder\":650},{\"Id\":912,\"Name\":\"Sugars Quantity Per Serve - Total - NIP\",\"Value\":\"0.6g\",\"Description\":\"Sugars Quantity Per Serve - Total - NIP\",\"SortOrder\":651},{\"Id\":572,\"Name\":\"Sugars Quantity Per Serve - ValueWord - NIP\",\"Value\":\"0.6\",\"Description\":\"Sugars Quantity Per Serve - ValueWord - NIP\",\"SortOrder\":652}]}",
            "storageinstructions": "Store in a cool dry place away from direct sunlight.",
            "usageinstructions": null,
            "brand": "french fries",
            "manufacturer": null,
            "countryoforigin": null,
            "productheightmm": null,
            "productwidthmm": null,
            "productdepthmm": null,
            "wool_productpackaging": null,
            "recyclableinformation": null,
            "importantinformation": null,
            "allergencontains": null,
            "allergenmaybepresent": "MILK, SOY",
            "allergystatement": "Lupin Free",
            "lifestyleanddietarystatement": "Vegetarian",
            "lifestyleclaim": "Vegan",
            "wool_dietaryclaim": "Gluten Free, Vegan",
            "boxedcontents": null,
            "suitablefor": null,
            "fragrance": null,
            "colour": null,
            "antioxidant": "False",
            "addedvitaminsandminerals": "False",
            "bpafree": "False",
            "sulfatefree": "False",
            "parabenfree": "False",
            "claims": null,
            "alcoholfree": null,
            "anti-dandruff": null,
            "dermatologicallyapproved": null,
            "dermatologistrecommended": null,
            "dermatologisttested": null,
            "fragrance-free": null,
            "haircolour": null,
            "hairtype": null,
            "hypo-allergenic": null,
            "non-comedogenic": null,
            "oilfree": null,
            "ophthalmologistapproved": null,
            "ophthalmologisttested": null,
            "paba-free": null,
            "skincondition": null,
            "skintype": null,
            "soap-free": null,
            "spf": null,
            "sweatresistant": null,
            "timer": null,
            "waterresistant": null,
            "phbalanced": null,
            "antiseptic": "False",
            "antibacterial": "False",
            "activeconstituents": null,
            "contains": null,
            "microwavesafe": "False",
            "productimagecount": "2",
            "friendlydisclaimer": null,
            "productimages": "293610.jpg,293610_2.jpg",
            "healthstarrating": "0",
            "tgawarnings": null,
            "vendorarticleid": null,
            "vendorcostprice": null,
            "tgawarning": null
          },
          "DetailsImagePaths": [
            "https://cdn0.woolworths.media/content/wowproductimages/large/293610.jpg"
          ],
          "Variety": "Original",
          "Rating": {
            "ReviewCount": 0,
            "RatingCount": 0,
            "RatingSum": 0,
            "OneStarCount": 0,
            "TwoStarCount": 0,
            "ThreeStarCount": 0,
            "FourStarCount": 0,
            "FiveStarCount": 0,
            "Average": 0,
            "OneStarPercentage": 0,
            "TwoStarPercentage": 0,
            "ThreeStarPercentage": 0,
            "FourStarPercentage": 0,
            "FiveStarPercentage": 0
          },
          "HasProductSubs": false,
          "IsSponsoredAd": false,
          "AdID": null,
          "AdIndex": null,
          "IsMarketProduct": false,
          "IsGiftable": false,
          "Vendor": null,
          "Untraceable": false,
          "ThirdPartyProductInfo": null,
          "MarketFeatures": null,
          "MarketSpecifications": null,
          "SupplyLimitSource": "ProductLimit",
          "Tags": null,
          "IsPersonalisedByPurchaseHistory": false,
          "IsFromFacetedSearch": false,
          "NextAvailabilityDate": "2022-01-26T00:00:00.0000000Z"
        }
      ],
      "Name": "French Fries Multipack Original",
      "DisplayName": "French Fries Multipack Original 6 Pack"
    },
    {
      "Products": [
        {
          "TileID": 0,
          "Stockcode": 814413,
          "Barcode": "9348918001001",
          "GtinFormat": 13,
          "CupPrice": 2.25,
          "InstoreCupPrice": 2.25,
          "CupMeasure": "100G",
          "CupString": "$2.25 / 100G",
          "InstoreCupString": "$2.25 / 100G",
          "HasCupPrice": true,
          "InstoreHasCupPrice": true,
          "Price": 4.5,
          "InstorePrice": 4.5,
          "Name": "Freshwater Farm Australia Hemp Seed Oil Hydrating Body Bar",
          "DisplayName": "Freshwater Farm Australia Hemp Seed Oil Hydrating Body Bar 200g",
          "UrlFriendlyName": "freshwater-farm-australia-hemp-seed-oil-hydrating-body-bar",
          "Description": " Freshwater Farm Australia<br>Hemp Seed Oil... 200G",
          "SmallImageFile": "https://cdn0.woolworths.media/content/wowproductimages/small/814413.jpg",
          "MediumImageFile": "https://cdn0.woolworths.media/content/wowproductimages/medium/814413.jpg",
          "LargeImageFile": "https://cdn0.woolworths.media/content/wowproductimages/large/814413.jpg",
          "IsNew": false,
          "IsOnSpecial": false,
          "InstoreIsOnSpecial": false,
          "IsEdrSpecial": false,
          "SavingsAmount": 0,
          "InstoreSavingsAmount": 0,
          "WasPrice": 4.5,
          "InstoreWasPrice": 4.5,
          "QuantityInTrolley": 0,
          "Unit": "Each",
          "MinimumQuantity": 1,
          "HasBeenBoughtBefore": false,
          "IsInTrolley": false,
          "Source": "SpecialsGroup.Buy More Save More",
          "SupplyLimit": 36,
          "MaxSupplyLimitMessage": "36 item limit",
          "IsRanged": true,
          "IsInStock": true,
          "PackageSize": "200G",
          "IsPmDelivery": false,
          "IsForCollection": true,
          "IsForDelivery": true,
          "IsForExpress": true,
          "ProductRestrictionMessage": null,
          "ProductWarningMessage": null,
          "CentreTag": {
            "TagContent": "<a title=\"2 for 8.00\" href=\"/Shop/OfferGroup/12150545\" ><span style=\"COLOR: #e00216\">2 for $8.00</span> $2.00/100G</a>",
            "TagLink": "",
            "FallbackText": null,
            "TagType": "Html",
            "MultibuyData": {
              "Quantity": 2,
              "Price": 8,
              "CupTag": "$2.00/100G"
            },
            "TagContentText": "2 for $8.00 $2.00/100G",
            "DualImageTagContent": null
          },
          "IsCentreTag": true,
          "ImageTag": {
            "TagContent": "/content/promotiontags/roundel-buy-more-save-more-200x200.png",
            "TagLink": null,
            "FallbackText": "Buy More Save More",
            "TagType": "None",
            "MultibuyData": null,
            "TagContentText": null,
            "DualImageTagContent": null
          },
          "HeaderTag": null,
          "HasHeaderTag": false,
          "UnitWeightInGrams": 0,
          "SupplyLimitMessage": "'Freshwater Farm Australia Hemp Seed Oil Hydrating Body Bar' has a supply limit of 36. The quantity in your cart has been reduced accordingly. To purchase a larger quantity, please contact us on 1800 000 610. Please note we do not supply trade orders.",
          "SmallFormatDescription": "Freshwater Farm Australia Hemp Seed Oil Hydrating Body Bar",
          "FullDescription": "Freshwater Farm Australia Hemp Seed Oil Hydrating Body Bar",
          "IsAvailable": true,
          "InstoreIsAvailable": true,
          "IsPurchasable": true,
          "InstoreIsPurchasable": true,
          "AgeRestricted": false,
          "DisplayQuantity": 1,
          "RichDescription": null,
          "IsDeliveryPass": false,
          "HideWasSavedPrice": false,
          "SapCategories": null,
          "Brand": "Freshwater Farm Australia",
          "IsRestrictedByDeliveryMethod": false,
          "FooterTag": {
            "TagContent": null,
            "TagLink": null,
            "FallbackText": null,
            "TagType": "None",
            "MultibuyData": null,
            "TagContentText": null,
            "DualImageTagContent": null
          },
          "IsFooterEnabled": false,
          "Diagnostics": "88",
          "IsBundle": false,
          "IsInFamily": false,
          "ChildProducts": null,
          "UrlOverride": null,
          "AdditionalAttributes": {
            "sapdepartmentname": "GROCERIES",
            "sapdepartmentno": "5",
            "sapcategoryname": "TOILETRIES",
            "sapcategoryno": "85",
            "sapsubcategoryname": "PERSONAL WASH",
            "sapsubcategoryno": "467",
            "sapsegmentname": "SOAP BARS - SINGLE",
            "sapsegmentno": "2",
            "specialsgroupid": "3656",
            "PiesProductDepartmentNodeId": "1_894D0A8",
            "PiesProductDepartmentsjson": "[{\"Id\":\"1_894D0A8\",\"Description\":\"Health & Beauty\"}]",
            "piesdepartmentnamesjson": "[\"Health & Beauty\"]",
            "piescategorynamesjson": "[\"Shower, Bath & Soap\"]",
            "piessubcategorynamesjson": "[\"Soap\"]",
            "servingsize-total-nip": null,
            "servingsperpack-total-nip": null,
            "microwaveable": "False",
            "ovencook": "False",
            "vegetarian": "False",
            "freezable": "False",
            "containsnuts": "False",
            "containsgluten": "False",
            "description": "Triple Milled with essential oils from our family-owned farm for the benefit of your skin. Hemp Seed Oil is an incredible moisturiser and will help to hydrate and re-energise dry skin. <br><br>Naturally Derived | Vegan | Non-Animal Tested",
            "ingredients": "Sodium Palmate*, Sodium Palm Kernelate*, Purified Water*, Glycerin*, Cannabis Sativa (Hemp) Seed Oil*, Olea Europaea (Australian Olive) Fruit Oil*, Citrus Limon (Lemon) Peel Oil*, Backhousia Citriodora (Lemon Myrtle) Leaf Oil*, Pogostemon Cablin (Patchouli) Leaf Oil*, Cedrus Atlantica (Cedarwood) Bark Oil*, Citrus Aurantium (Neroli) Flower Oil*, Citrus Aurantium Amara (Petitgrain) Flower Oil*, Pelargonium Graveolens (Geranium) Flower Oil*, Cananga Odorata (Ylang Ylang) Flower Oil*, Butyrospermum Parkii (Shea) Butter**, Kaolin (Australian Olive Green Clay)*, Tocopherol (Natural Vitamin E)*, Palm Acid*, Palm Kernel Acid*, Sodium Chloride*, Tetrasodium Glutamate Diacetate*, Sodium Gluconate*.<br><br>Naturally derived*<br><br>Organic ingredient**",
            "nutritionalinformation": null,
            "storageinstructions": null,
            "usageinstructions": null,
            "brand": "freshwater farm australia",
            "manufacturer": null,
            "countryoforigin": null,
            "productheightmm": null,
            "productwidthmm": null,
            "productdepthmm": null,
            "wool_productpackaging": null,
            "recyclableinformation": null,
            "importantinformation": null,
            "allergencontains": null,
            "allergenmaybepresent": null,
            "allergystatement": null,
            "lifestyleanddietarystatement": null,
            "lifestyleclaim": "100% Naturally Derived, Triple Milled, Cruelty Free, Not Tested on Animals, Vegan.",
            "wool_dietaryclaim": null,
            "boxedcontents": null,
            "suitablefor": null,
            "fragrance": null,
            "colour": null,
            "antioxidant": "False",
            "addedvitaminsandminerals": "False",
            "bpafree": "False",
            "sulfatefree": "False",
            "parabenfree": "False",
            "claims": null,
            "alcoholfree": null,
            "anti-dandruff": null,
            "dermatologicallyapproved": null,
            "dermatologistrecommended": null,
            "dermatologisttested": null,
            "fragrance-free": null,
            "haircolour": null,
            "hairtype": null,
            "hypo-allergenic": null,
            "non-comedogenic": null,
            "oilfree": null,
            "ophthalmologistapproved": null,
            "ophthalmologisttested": null,
            "paba-free": null,
            "skincondition": null,
            "skintype": null,
            "soap-free": null,
            "spf": null,
            "sweatresistant": null,
            "timer": null,
            "waterresistant": null,
            "phbalanced": null,
            "antiseptic": "False",
            "antibacterial": "False",
            "activeconstituents": null,
            "contains": null,
            "microwavesafe": "False",
            "productimagecount": "3",
            "friendlydisclaimer": null,
            "productimages": "814413.jpg,814413_1.jpg,814413_2.jpg",
            "healthstarrating": "0",
            "tgawarnings": null,
            "vendorarticleid": null,
            "vendorcostprice": null,
            "tgawarning": null
          },
          "DetailsImagePaths": [
            "https://cdn0.woolworths.media/content/wowproductimages/large/814413.jpg"
          ],
          "Variety": "Bar",
          "Rating": {
            "ReviewCount": 10,
            "RatingCount": 10,
            "RatingSum": 46,
            "OneStarCount": 1,
            "TwoStarCount": 0,
            "ThreeStarCount": 0,
            "FourStarCount": 0,
            "FiveStarCount": 9,
            "Average": 4.6,
            "OneStarPercentage": 10,
            "TwoStarPercentage": 0,
            "ThreeStarPercentage": 0,
            "FourStarPercentage": 0,
            "FiveStarPercentage": 90
          },
          "HasProductSubs": false,
          "IsSponsoredAd": false,
          "AdID": null,
          "AdIndex": null,
          "IsMarketProduct": false,
          "IsGiftable": false,
          "Vendor": null,
          "Untraceable": false,
          "ThirdPartyProductInfo": null,
          "MarketFeatures": null,
          "MarketSpecifications": null,
          "SupplyLimitSource": "ProductLimit",
          "Tags": null,
          "IsPersonalisedByPurchaseHistory": false,
          "IsFromFacetedSearch": false,
          "NextAvailabilityDate": "2022-01-26T00:00:00.0000000Z"
        }
      ],
      "Name": "Freshwater Farm Australia Hemp Seed Oil Hydrating Body Bar",
      "DisplayName": "Freshwater Farm Australia Hemp Seed Oil Hydrating Body Bar 200g"
    },
    {
      "Products": [
        {
          "TileID": 0,
          "Stockcode": 78588,
          "Barcode": "9348918001940",
          "GtinFormat": 13,
          "CupPrice": 2.25,
          "InstoreCupPrice": 2.25,
          "CupMeasure": "100G",
          "CupString": "$2.25 / 100G",
          "InstoreCupString": "$2.25 / 100G",
          "HasCupPrice": true,
          "InstoreHasCupPrice": true,
          "Price": 4.5,
          "InstorePrice": 4.5,
          "Name": "Freshwater Farm Australia Lemon Myrtle Oil + Manuka Honey Soothing Body Bar",
          "DisplayName": "Freshwater Farm Australia Lemon Myrtle Oil + Manuka Honey Soothing Body Bar 200g",
          "UrlFriendlyName": "freshwater-farm-australia-lemon-myrtle-oil-manuka-honey-soothing-body-bar",
          "Description": " Freshwater Farm Australia<br>Lemon Myrtle Oil +... 200G",
          "SmallImageFile": "https://cdn0.woolworths.media/content/wowproductimages/small/078588.jpg",
          "MediumImageFile": "https://cdn0.woolworths.media/content/wowproductimages/medium/078588.jpg",
          "LargeImageFile": "https://cdn0.woolworths.media/content/wowproductimages/large/078588.jpg",
          "IsNew": false,
          "IsOnSpecial": false,
          "InstoreIsOnSpecial": false,
          "IsEdrSpecial": false,
          "SavingsAmount": 0,
          "InstoreSavingsAmount": 0,
          "WasPrice": 4.5,
          "InstoreWasPrice": 4.5,
          "QuantityInTrolley": 0,
          "Unit": "Each",
          "MinimumQuantity": 1,
          "HasBeenBoughtBefore": false,
          "IsInTrolley": false,
          "Source": "SpecialsGroup.Buy More Save More",
          "SupplyLimit": 36,
          "MaxSupplyLimitMessage": "36 item limit",
          "IsRanged": true,
          "IsInStock": true,
          "PackageSize": "200G",
          "IsPmDelivery": false,
          "IsForCollection": true,
          "IsForDelivery": true,
          "IsForExpress": true,
          "ProductRestrictionMessage": null,
          "ProductWarningMessage": null,
          "CentreTag": {
            "TagContent": "<a title=\"2 for 8.00\" href=\"/Shop/OfferGroup/12150545\" ><span style=\"COLOR: #e00216\">2 for $8.00</span> $2.00/100G</a>",
            "TagLink": "",
            "FallbackText": null,
            "TagType": "Html",
            "MultibuyData": {
              "Quantity": 2,
              "Price": 8,
              "CupTag": "$2.00/100G"
            },
            "TagContentText": "2 for $8.00 $2.00/100G",
            "DualImageTagContent": null
          },
          "IsCentreTag": true,
          "ImageTag": {
            "TagContent": "/content/promotiontags/roundel-buy-more-save-more-200x200.png",
            "TagLink": null,
            "FallbackText": "Buy More Save More",
            "TagType": "None",
            "MultibuyData": null,
            "TagContentText": null,
            "DualImageTagContent": null
          },
          "HeaderTag": null,
          "HasHeaderTag": false,
          "UnitWeightInGrams": 0,
          "SupplyLimitMessage": "'Freshwater Farm Australia Lemon Myrtle Oil + Manuka Honey Soothing Body Bar' has a supply limit of 36. The quantity in your cart has been reduced accordingly. To purchase a larger quantity, please contact us on 1800 000 610. Please note we do not supply trade orders.",
          "SmallFormatDescription": "Freshwater Farm Australia Lemon Myrtle Oil + Manuka Honey Soothing Body Bar",
          "FullDescription": "Freshwater Farm Australia Lemon Myrtle Oil + Manuka Honey Soothing Body Bar",
          "IsAvailable": true,
          "InstoreIsAvailable": true,
          "IsPurchasable": true,
          "InstoreIsPurchasable": true,
          "AgeRestricted": false,
          "DisplayQuantity": 1,
          "RichDescription": null,
          "IsDeliveryPass": false,
          "HideWasSavedPrice": false,
          "SapCategories": null,
          "Brand": "Freshwater Farm Australia",
          "IsRestrictedByDeliveryMethod": false,
          "FooterTag": {
            "TagContent": null,
            "TagLink": null,
            "FallbackText": null,
            "TagType": "None",
            "MultibuyData": null,
            "TagContentText": null,
            "DualImageTagContent": null
          },
          "IsFooterEnabled": false,
          "Diagnostics": "89",
          "IsBundle": false,
          "IsInFamily": false,
          "ChildProducts": null,
          "UrlOverride": null,
          "AdditionalAttributes": {
            "sapdepartmentname": "GROCERIES",
            "sapdepartmentno": "5",
            "sapcategoryname": "TOILETRIES",
            "sapcategoryno": "85",
            "sapsubcategoryname": "PERSONAL WASH",
            "sapsubcategoryno": "467",
            "sapsegmentname": "SOAP BARS - SINGLE",
            "sapsegmentno": "2",
            "specialsgroupid": "3656",
            "PiesProductDepartmentNodeId": "1_894D0A8",
            "PiesProductDepartmentsjson": "[{\"Id\":\"1_894D0A8\",\"Description\":\"Health & Beauty\"}]",
            "piesdepartmentnamesjson": "[\"Health & Beauty\"]",
            "piescategorynamesjson": "[\"Shower, Bath & Soap\"]",
            "piessubcategorynamesjson": "[\"Soap\"]",
            "servingsize-total-nip": null,
            "servingsperpack-total-nip": null,
            "microwaveable": "False",
            "ovencook": "False",
            "vegetarian": "False",
            "freezable": "False",
            "containsnuts": "False",
            "containsgluten": "False",
            "description": "Triple Milled with essential oils from our family-owned farm for the benefit of your skin. Lemon Myrtle Oil and Manuka Honey will leave your skin soothed, and mind refreshed.<br><br>Naturally Derived | Non-Animal Tested",
            "ingredients": "Sodium Palmate*, Sodium Palm Kernelate*, Purified Water*, Glycerin*, Olea Europaea (Australian Olive) Fruit Oil*, Backhousia Citriodora (Lemon Myrtle) Oil*, Australian Honey (Manuka)*, Butyrospermum Parkii (Shea) Butter**, Tocopheryl Acetate (Vitamin E)*, Palm Acid*, Palm Kernel Acid*, Sodium Chloride*, Tetrasodium Glutamate Diacetate*, Sodium Gluconate*.<br><br>Naturally derived*<br><br>Organic ingredient**",
            "nutritionalinformation": null,
            "storageinstructions": null,
            "usageinstructions": null,
            "brand": "freshwater farm australia ",
            "manufacturer": null,
            "countryoforigin": null,
            "productheightmm": null,
            "productwidthmm": null,
            "productdepthmm": null,
            "wool_productpackaging": null,
            "recyclableinformation": null,
            "importantinformation": null,
            "allergencontains": null,
            "allergenmaybepresent": null,
            "allergystatement": null,
            "lifestyleanddietarystatement": null,
            "lifestyleclaim": "100% Naturally Derived, Triple Milled, Cruelty Free, Not Tested on Animals.",
            "wool_dietaryclaim": null,
            "boxedcontents": null,
            "suitablefor": null,
            "fragrance": null,
            "colour": null,
            "antioxidant": "False",
            "addedvitaminsandminerals": "False",
            "bpafree": "False",
            "sulfatefree": "False",
            "parabenfree": "False",
            "claims": null,
            "alcoholfree": null,
            "anti-dandruff": null,
            "dermatologicallyapproved": null,
            "dermatologistrecommended": null,
            "dermatologisttested": null,
            "fragrance-free": null,
            "haircolour": null,
            "hairtype": null,
            "hypo-allergenic": null,
            "non-comedogenic": null,
            "oilfree": null,
            "ophthalmologistapproved": null,
            "ophthalmologisttested": null,
            "paba-free": null,
            "skincondition": null,
            "skintype": null,
            "soap-free": null,
            "spf": null,
            "sweatresistant": null,
            "timer": null,
            "waterresistant": null,
            "phbalanced": null,
            "antiseptic": "False",
            "antibacterial": "False",
            "activeconstituents": null,
            "contains": null,
            "microwavesafe": "False",
            "productimagecount": "3",
            "friendlydisclaimer": null,
            "productimages": "78588.jpg,78588_1.jpg,78588_2.jpg",
            "healthstarrating": "0",
            "tgawarnings": null,
            "vendorarticleid": null,
            "vendorcostprice": null,
            "tgawarning": null
          },
          "DetailsImagePaths": [
            "https://cdn0.woolworths.media/content/wowproductimages/large/078588.jpg"
          ],
          "Variety": "Honey Soothing Body Bar",
          "Rating": {
            "ReviewCount": 14,
            "RatingCount": 14,
            "RatingSum": 66,
            "OneStarCount": 1,
            "TwoStarCount": 0,
            "ThreeStarCount": 0,
            "FourStarCount": 0,
            "FiveStarCount": 13,
            "Average": 4.71428571428571,
            "OneStarPercentage": 7.14285714285714,
            "TwoStarPercentage": 0,
            "ThreeStarPercentage": 0,
            "FourStarPercentage": 0,
            "FiveStarPercentage": 92.8571428571429
          },
          "HasProductSubs": false,
          "IsSponsoredAd": false,
          "AdID": null,
          "AdIndex": null,
          "IsMarketProduct": false,
          "IsGiftable": false,
          "Vendor": null,
          "Untraceable": false,
          "ThirdPartyProductInfo": null,
          "MarketFeatures": null,
          "MarketSpecifications": null,
          "SupplyLimitSource": "ProductLimit",
          "Tags": null,
          "IsPersonalisedByPurchaseHistory": false,
          "IsFromFacetedSearch": false,
          "NextAvailabilityDate": "2022-01-26T00:00:00.0000000Z"
        }
      ],
      "Name": "Freshwater Farm Australia Lemon Myrtle Oil + Manuka Honey Soothing Body Bar",
      "DisplayName": "Freshwater Farm Australia Lemon Myrtle Oil + Manuka Honey Soothing Body Bar 200g"
    },
    {
      "Products": [
        {
          "TileID": 0,
          "Stockcode": 150784,
          "Barcode": "9348918000943",
          "GtinFormat": 13,
          "CupPrice": 2.25,
          "InstoreCupPrice": 2.25,
          "CupMeasure": "100G",
          "CupString": "$2.25 / 100G",
          "InstoreCupString": "$2.25 / 100G",
          "HasCupPrice": true,
          "InstoreHasCupPrice": true,
          "Price": 4.5,
          "InstorePrice": 4.5,
          "Name": "Freshwater Farm Australia Mandarin + Cedarwood Oil Revitalising Body Bar",
          "DisplayName": "Freshwater Farm Australia Mandarin + Cedarwood Oil Revitalising Body Bar 200g",
          "UrlFriendlyName": "freshwater-farm-australia-mandarin-cedarwood-oil-revitalising-body-bar",
          "Description": " Freshwater Farm Australia<br>Mandarin +... 200G",
          "SmallImageFile": "https://cdn0.woolworths.media/content/wowproductimages/small/150784.jpg",
          "MediumImageFile": "https://cdn0.woolworths.media/content/wowproductimages/medium/150784.jpg",
          "LargeImageFile": "https://cdn0.woolworths.media/content/wowproductimages/large/150784.jpg",
          "IsNew": false,
          "IsOnSpecial": false,
          "InstoreIsOnSpecial": false,
          "IsEdrSpecial": false,
          "SavingsAmount": 0,
          "InstoreSavingsAmount": 0,
          "WasPrice": 4.5,
          "InstoreWasPrice": 4.5,
          "QuantityInTrolley": 0,
          "Unit": "Each",
          "MinimumQuantity": 1,
          "HasBeenBoughtBefore": false,
          "IsInTrolley": false,
          "Source": "SpecialsGroup.Buy More Save More",
          "SupplyLimit": 36,
          "MaxSupplyLimitMessage": "36 item limit",
          "IsRanged": true,
          "IsInStock": true,
          "PackageSize": "200G",
          "IsPmDelivery": false,
          "IsForCollection": true,
          "IsForDelivery": true,
          "IsForExpress": true,
          "ProductRestrictionMessage": null,
          "ProductWarningMessage": null,
          "CentreTag": {
            "TagContent": "<a title=\"2 for 8.00\" href=\"/Shop/OfferGroup/12150545\" ><span style=\"COLOR: #e00216\">2 for $8.00</span> $2.00/100G</a>",
            "TagLink": "",
            "FallbackText": null,
            "TagType": "Html",
            "MultibuyData": {
              "Quantity": 2,
              "Price": 8,
              "CupTag": "$2.00/100G"
            },
            "TagContentText": "2 for $8.00 $2.00/100G",
            "DualImageTagContent": null
          },
          "IsCentreTag": true,
          "ImageTag": {
            "TagContent": "/content/promotiontags/roundel-buy-more-save-more-200x200.png",
            "TagLink": null,
            "FallbackText": "Buy More Save More",
            "TagType": "None",
            "MultibuyData": null,
            "TagContentText": null,
            "DualImageTagContent": null
          },
          "HeaderTag": null,
          "HasHeaderTag": false,
          "UnitWeightInGrams": 0,
          "SupplyLimitMessage": "'Freshwater Farm Australia Mandarin + Cedarwood Oil Revitalising Body Bar' has a supply limit of 36. The quantity in your cart has been reduced accordingly. To purchase a larger quantity, please contact us on 1800 000 610. Please note we do not supply trade orders.",
          "SmallFormatDescription": "Freshwater Farm Australia Mandarin + Cedarwood Oil Revitalising Body Bar",
          "FullDescription": "Freshwater Farm Australia Mandarin + Cedarwood Oil Revitalising Body Bar",
          "IsAvailable": true,
          "InstoreIsAvailable": true,
          "IsPurchasable": true,
          "InstoreIsPurchasable": true,
          "AgeRestricted": false,
          "DisplayQuantity": 1,
          "RichDescription": null,
          "IsDeliveryPass": false,
          "HideWasSavedPrice": false,
          "SapCategories": null,
          "Brand": "Freshwater Farm Australia",
          "IsRestrictedByDeliveryMethod": false,
          "FooterTag": {
            "TagContent": null,
            "TagLink": null,
            "FallbackText": null,
            "TagType": "None",
            "MultibuyData": null,
            "TagContentText": null,
            "DualImageTagContent": null
          },
          "IsFooterEnabled": false,
          "Diagnostics": "90",
          "IsBundle": false,
          "IsInFamily": false,
          "ChildProducts": null,
          "UrlOverride": null,
          "AdditionalAttributes": {
            "sapdepartmentname": "GROCERIES",
            "sapdepartmentno": "5",
            "sapcategoryname": "TOILETRIES",
            "sapcategoryno": "85",
            "sapsubcategoryname": "PERSONAL WASH",
            "sapsubcategoryno": "467",
            "sapsegmentname": "SOAP BARS - SINGLE",
            "sapsegmentno": "2",
            "specialsgroupid": "3656",
            "PiesProductDepartmentNodeId": "1_894D0A8",
            "PiesProductDepartmentsjson": "[{\"Id\":\"1_894D0A8\",\"Description\":\"Health & Beauty\"}]",
            "piesdepartmentnamesjson": "[\"Health & Beauty\"]",
            "piescategorynamesjson": "[\"Shower, Bath & Soap\"]",
            "piessubcategorynamesjson": "[\"Soap\"]",
            "servingsize-total-nip": null,
            "servingsperpack-total-nip": null,
            "microwaveable": "False",
            "ovencook": "False",
            "vegetarian": "False",
            "freezable": "False",
            "containsnuts": "False",
            "containsgluten": "False",
            "description": "Triple Milled with essential oils from our family-owned farm for the benefit of your skin. This botanical blend of warming essential oils will leave your skin feeling revitalised.<br><br>Naturally Derived | Vegan | Non-Animal Tested",
            "ingredients": "Sodium Palmate*, Sodium Palm Kernelate*, Purified Water*, Glycerin*, Olea Europaea (Australian Olive) Fruit Oil*, Citrus Aurantium Dulcis (Orange) Oil*, Citrus Nobilis (Mandarin) Oil*, Rosmarinus Officinalis (Rosemary) Oil*, Cedrus Atlantica (Cedarwood) Bark Oil*, Eugenia Caryophyllus (Clove) Bud Oil*, Cinnamomum Cassia (Cinnamon) Leaf Oil*, Cananga Odorata (Ylang Ylang) Flower Oil, Butyrospermum Parkii (Shea) Butter**, Tocopherol (Natural Vitamin E)*, Palm Acid*, Palm Kernel Acid*, Sodium Chloride*, Tetrasodium Glutamate Diacetate*, Sodium Gluconate*.<br><br>Naturally derived*<br><br>Organic ingredient**",
            "nutritionalinformation": null,
            "storageinstructions": null,
            "usageinstructions": null,
            "brand": "freshwater farm australia",
            "manufacturer": null,
            "countryoforigin": null,
            "productheightmm": null,
            "productwidthmm": null,
            "productdepthmm": null,
            "wool_productpackaging": null,
            "recyclableinformation": null,
            "importantinformation": null,
            "allergencontains": null,
            "allergenmaybepresent": null,
            "allergystatement": null,
            "lifestyleanddietarystatement": null,
            "lifestyleclaim": "100% Naturally Derived, Triple Milled, Cruelty Free, Not Tested on Animals, Vegan.",
            "wool_dietaryclaim": null,
            "boxedcontents": null,
            "suitablefor": null,
            "fragrance": null,
            "colour": null,
            "antioxidant": "False",
            "addedvitaminsandminerals": "False",
            "bpafree": "False",
            "sulfatefree": "False",
            "parabenfree": "False",
            "claims": null,
            "alcoholfree": null,
            "anti-dandruff": null,
            "dermatologicallyapproved": null,
            "dermatologistrecommended": null,
            "dermatologisttested": null,
            "fragrance-free": null,
            "haircolour": null,
            "hairtype": null,
            "hypo-allergenic": null,
            "non-comedogenic": null,
            "oilfree": null,
            "ophthalmologistapproved": null,
            "ophthalmologisttested": null,
            "paba-free": null,
            "skincondition": null,
            "skintype": null,
            "soap-free": null,
            "spf": null,
            "sweatresistant": null,
            "timer": null,
            "waterresistant": null,
            "phbalanced": null,
            "antiseptic": "False",
            "antibacterial": "False",
            "activeconstituents": null,
            "contains": null,
            "microwavesafe": "False",
            "productimagecount": "3",
            "friendlydisclaimer": null,
            "productimages": "150784.jpg,150784_1.jpg,150784_2.jpg",
            "healthstarrating": "0",
            "tgawarnings": null,
            "vendorarticleid": null,
            "vendorcostprice": null,
            "tgawarning": null
          },
          "DetailsImagePaths": [
            "https://cdn0.woolworths.media/content/wowproductimages/large/150784.jpg"
          ],
          "Variety": "Revitalising Body Bar",
          "Rating": {
            "ReviewCount": 0,
            "RatingCount": 0,
            "RatingSum": 0,
            "OneStarCount": 0,
            "TwoStarCount": 0,
            "ThreeStarCount": 0,
            "FourStarCount": 0,
            "FiveStarCount": 0,
            "Average": 0,
            "OneStarPercentage": 0,
            "TwoStarPercentage": 0,
            "ThreeStarPercentage": 0,
            "FourStarPercentage": 0,
            "FiveStarPercentage": 0
          },
          "HasProductSubs": false,
          "IsSponsoredAd": false,
          "AdID": null,
          "AdIndex": null,
          "IsMarketProduct": false,
          "IsGiftable": false,
          "Vendor": null,
          "Untraceable": false,
          "ThirdPartyProductInfo": null,
          "MarketFeatures": null,
          "MarketSpecifications": null,
          "SupplyLimitSource": "ProductLimit",
          "Tags": null,
          "IsPersonalisedByPurchaseHistory": false,
          "IsFromFacetedSearch": false,
          "NextAvailabilityDate": "2022-01-26T00:00:00.0000000Z"
        }
      ],
      "Name": "Freshwater Farm Australia Mandarin + Cedarwood Oil Revitalising Body Bar",
      "DisplayName": "Freshwater Farm Australia Mandarin + Cedarwood Oil Revitalising Body Bar 200g"
    },
    {
      "Products": [
        {
          "TileID": 0,
          "Stockcode": 814358,
          "Barcode": "9348918001018",
          "GtinFormat": 13,
          "CupPrice": 2.25,
          "InstoreCupPrice": 2.25,
          "CupMeasure": "100G",
          "CupString": "$2.25 / 100G",
          "InstoreCupString": "$2.25 / 100G",
          "HasCupPrice": true,
          "InstoreHasCupPrice": true,
          "Price": 4.5,
          "InstorePrice": 4.5,
          "Name": "Freshwater Farm Australia Rosewater & Pink Clay Cleansing Bar",
          "DisplayName": "Freshwater Farm Australia Rosewater & Pink Clay Cleansing Bar 200g",
          "UrlFriendlyName": "freshwater-farm-australia-rosewater-pink-clay-cleansing-bar",
          "Description": " Freshwater Farm Australia<br>Rosewater & Pink... 200G",
          "SmallImageFile": "https://cdn0.woolworths.media/content/wowproductimages/small/814358.jpg",
          "MediumImageFile": "https://cdn0.woolworths.media/content/wowproductimages/medium/814358.jpg",
          "LargeImageFile": "https://cdn0.woolworths.media/content/wowproductimages/large/814358.jpg",
          "IsNew": false,
          "IsOnSpecial": false,
          "InstoreIsOnSpecial": false,
          "IsEdrSpecial": false,
          "SavingsAmount": 0,
          "InstoreSavingsAmount": 0,
          "WasPrice": 4.5,
          "InstoreWasPrice": 4.5,
          "QuantityInTrolley": 0,
          "Unit": "Each",
          "MinimumQuantity": 1,
          "HasBeenBoughtBefore": false,
          "IsInTrolley": false,
          "Source": "SpecialsGroup.Buy More Save More",
          "SupplyLimit": 36,
          "MaxSupplyLimitMessage": "36 item limit",
          "IsRanged": true,
          "IsInStock": true,
          "PackageSize": "200G",
          "IsPmDelivery": false,
          "IsForCollection": true,
          "IsForDelivery": true,
          "IsForExpress": true,
          "ProductRestrictionMessage": null,
          "ProductWarningMessage": null,
          "CentreTag": {
            "TagContent": "<a title=\"2 for 8.00\" href=\"/Shop/OfferGroup/12150545\" ><span style=\"COLOR: #e00216\">2 for $8.00</span> $2.00/100G</a>",
            "TagLink": "",
            "FallbackText": null,
            "TagType": "Html",
            "MultibuyData": {
              "Quantity": 2,
              "Price": 8,
              "CupTag": "$2.00/100G"
            },
            "TagContentText": "2 for $8.00 $2.00/100G",
            "DualImageTagContent": null
          },
          "IsCentreTag": true,
          "ImageTag": {
            "TagContent": "/content/promotiontags/roundel-buy-more-save-more-200x200.png",
            "TagLink": null,
            "FallbackText": "Buy More Save More",
            "TagType": "None",
            "MultibuyData": null,
            "TagContentText": null,
            "DualImageTagContent": null
          },
          "HeaderTag": null,
          "HasHeaderTag": false,
          "UnitWeightInGrams": 0,
          "SupplyLimitMessage": "'Freshwater Farm Australia Rosewater & Pink Clay Cleansing Bar' has a supply limit of 36. The quantity in your cart has been reduced accordingly. To purchase a larger quantity, please contact us on 1800 000 610. Please note we do not supply trade orders.",
          "SmallFormatDescription": "Freshwater Farm Australia Rosewater & Pink Clay Cleansing Bar",
          "FullDescription": "Freshwater Farm Australia Rosewater & Pink Clay Cleansing Bar",
          "IsAvailable": true,
          "InstoreIsAvailable": true,
          "IsPurchasable": true,
          "InstoreIsPurchasable": true,
          "AgeRestricted": false,
          "DisplayQuantity": 1,
          "RichDescription": null,
          "IsDeliveryPass": false,
          "HideWasSavedPrice": false,
          "SapCategories": null,
          "Brand": "Freshwater Farm Australia",
          "IsRestrictedByDeliveryMethod": false,
          "FooterTag": {
            "TagContent": null,
            "TagLink": null,
            "FallbackText": null,
            "TagType": "None",
            "MultibuyData": null,
            "TagContentText": null,
            "DualImageTagContent": null
          },
          "IsFooterEnabled": false,
          "Diagnostics": "91",
          "IsBundle": false,
          "IsInFamily": false,
          "ChildProducts": null,
          "UrlOverride": null,
          "AdditionalAttributes": {
            "sapdepartmentname": "GROCERIES",
            "sapdepartmentno": "5",
            "sapcategoryname": "TOILETRIES",
            "sapcategoryno": "85",
            "sapsubcategoryname": "PERSONAL WASH",
            "sapsubcategoryno": "467",
            "sapsegmentname": "SOAP BARS - SINGLE",
            "sapsegmentno": "2",
            "specialsgroupid": "3656",
            "PiesProductDepartmentNodeId": "1_894D0A8",
            "PiesProductDepartmentsjson": "[{\"Id\":\"1_894D0A8\",\"Description\":\"Health & Beauty\"}]",
            "piesdepartmentnamesjson": "[\"Health & Beauty\"]",
            "piescategorynamesjson": "[\"Shower, Bath & Soap\"]",
            "piessubcategorynamesjson": "[\"Soap\"]",
            "servingsize-total-nip": null,
            "servingsperpack-total-nip": null,
            "microwaveable": "False",
            "ovencook": "False",
            "vegetarian": "False",
            "freezable": "False",
            "containsnuts": "False",
            "containsgluten": "False",
            "description": "Triple Milled with essential oils from our family-owned farm for the benefit of your skin. Pink Clay will gently cleanse while Rosewater will calm your skin and senses. <br><br>Naturally Derived | Vegan | Non-Animal Tested",
            "ingredients": "Sodium Palmate*, Sodium Palm Kernelate*, Purified Water*, Glycerin*, Olea Europaea (Australian Olive) Fruit Oil*, Fragrance (Natural)*, Rosa Damascena (Rose) Flower Water*, Kaolin (Australian Pink Clay)*, Butyrospermum Parkii (Shea) Butter**, Tocopherol (Natural Vitamin E)*, Palm Acid*, Palm Kernel Acid*, Sodium Chloride*, Tetrasodium Glutamate Diacetate*, Sodium Gluconate*. <br><br>Naturally derived*<br><br>Organic ingredient**<br>",
            "nutritionalinformation": null,
            "storageinstructions": null,
            "usageinstructions": null,
            "brand": "freshwater farm australia",
            "manufacturer": null,
            "countryoforigin": null,
            "productheightmm": null,
            "productwidthmm": null,
            "productdepthmm": null,
            "wool_productpackaging": null,
            "recyclableinformation": null,
            "importantinformation": null,
            "allergencontains": null,
            "allergenmaybepresent": null,
            "allergystatement": null,
            "lifestyleanddietarystatement": null,
            "lifestyleclaim": "100% Naturally Derived, Triple Milled, Cruelty Free, Not Tested on Animals, Vegan.",
            "wool_dietaryclaim": null,
            "boxedcontents": null,
            "suitablefor": null,
            "fragrance": null,
            "colour": null,
            "antioxidant": "False",
            "addedvitaminsandminerals": "False",
            "bpafree": "False",
            "sulfatefree": "False",
            "parabenfree": "False",
            "claims": null,
            "alcoholfree": null,
            "anti-dandruff": null,
            "dermatologicallyapproved": null,
            "dermatologistrecommended": null,
            "dermatologisttested": null,
            "fragrance-free": null,
            "haircolour": null,
            "hairtype": null,
            "hypo-allergenic": null,
            "non-comedogenic": null,
            "oilfree": null,
            "ophthalmologistapproved": null,
            "ophthalmologisttested": null,
            "paba-free": null,
            "skincondition": null,
            "skintype": null,
            "soap-free": null,
            "spf": null,
            "sweatresistant": null,
            "timer": null,
            "waterresistant": null,
            "phbalanced": null,
            "antiseptic": "False",
            "antibacterial": "False",
            "activeconstituents": null,
            "contains": null,
            "microwavesafe": "False",
            "productimagecount": "3",
            "friendlydisclaimer": null,
            "productimages": "814358.jpg,814358_1.jpg,814358_2.jpg",
            "healthstarrating": "0",
            "tgawarnings": null,
            "vendorarticleid": null,
            "vendorcostprice": null,
            "tgawarning": null
          },
          "DetailsImagePaths": [
            "https://cdn0.woolworths.media/content/wowproductimages/large/814358.jpg"
          ],
          "Variety": "Cleansing Bar",
          "Rating": {
            "ReviewCount": 12,
            "RatingCount": 12,
            "RatingSum": 60,
            "OneStarCount": 0,
            "TwoStarCount": 0,
            "ThreeStarCount": 0,
            "FourStarCount": 0,
            "FiveStarCount": 12,
            "Average": 5,
            "OneStarPercentage": 0,
            "TwoStarPercentage": 0,
            "ThreeStarPercentage": 0,
            "FourStarPercentage": 0,
            "FiveStarPercentage": 100
          },
          "HasProductSubs": false,
          "IsSponsoredAd": false,
          "AdID": null,
          "AdIndex": null,
          "IsMarketProduct": false,
          "IsGiftable": false,
          "Vendor": null,
          "Untraceable": false,
          "ThirdPartyProductInfo": null,
          "MarketFeatures": null,
          "MarketSpecifications": null,
          "SupplyLimitSource": "ProductLimit",
          "Tags": null,
          "IsPersonalisedByPurchaseHistory": false,
          "IsFromFacetedSearch": false,
          "NextAvailabilityDate": "2022-01-26T00:00:00.0000000Z"
        }
      ],
      "Name": "Freshwater Farm Australia Rosewater & Pink Clay Cleansing Bar",
      "DisplayName": "Freshwater Farm Australia Rosewater & Pink Clay Cleansing Bar 200g"
    },
    {
      "Products": [
        {
          "TileID": 0,
          "Stockcode": 149266,
          "Barcode": "9348918001957",
          "GtinFormat": 13,
          "CupPrice": 2.25,
          "InstoreCupPrice": 2.25,
          "CupMeasure": "100G",
          "CupString": "$2.25 / 100G",
          "InstoreCupString": "$2.25 / 100G",
          "HasCupPrice": true,
          "InstoreHasCupPrice": true,
          "Price": 4.5,
          "InstorePrice": 4.5,
          "Name": "Freshwater Farm Australia Saltbush + Wattle Seed Extract Rejuvenating Body Bar",
          "DisplayName": "Freshwater Farm Australia Saltbush + Wattle Seed Extract Rejuvenating Body Bar 200g",
          "UrlFriendlyName": "freshwater-farm-australia-saltbush-wattle-seed-extract-rejuvenating-body-bar",
          "Description": " Freshwater Farm Australia<br>Saltbush + Wattle... 200G",
          "SmallImageFile": "https://cdn0.woolworths.media/content/wowproductimages/small/149266.jpg",
          "MediumImageFile": "https://cdn0.woolworths.media/content/wowproductimages/medium/149266.jpg",
          "LargeImageFile": "https://cdn0.woolworths.media/content/wowproductimages/large/149266.jpg",
          "IsNew": false,
          "IsOnSpecial": false,
          "InstoreIsOnSpecial": false,
          "IsEdrSpecial": false,
          "SavingsAmount": 0,
          "InstoreSavingsAmount": 0,
          "WasPrice": 4.5,
          "InstoreWasPrice": 4.5,
          "QuantityInTrolley": 0,
          "Unit": "Each",
          "MinimumQuantity": 1,
          "HasBeenBoughtBefore": false,
          "IsInTrolley": false,
          "Source": "SpecialsGroup.Buy More Save More",
          "SupplyLimit": 36,
          "MaxSupplyLimitMessage": "36 item limit",
          "IsRanged": true,
          "IsInStock": true,
          "PackageSize": "200G",
          "IsPmDelivery": false,
          "IsForCollection": true,
          "IsForDelivery": true,
          "IsForExpress": true,
          "ProductRestrictionMessage": null,
          "ProductWarningMessage": null,
          "CentreTag": {
            "TagContent": "<a title=\"2 for 8.00\" href=\"/Shop/OfferGroup/12150545\" ><span style=\"COLOR: #e00216\">2 for $8.00</span> $2.00/100G</a>",
            "TagLink": "",
            "FallbackText": null,
            "TagType": "Html",
            "MultibuyData": {
              "Quantity": 2,
              "Price": 8,
              "CupTag": "$2.00/100G"
            },
            "TagContentText": "2 for $8.00 $2.00/100G",
            "DualImageTagContent": null
          },
          "IsCentreTag": true,
          "ImageTag": {
            "TagContent": "/content/promotiontags/roundel-buy-more-save-more-200x200.png",
            "TagLink": null,
            "FallbackText": "Buy More Save More",
            "TagType": "None",
            "MultibuyData": null,
            "TagContentText": null,
            "DualImageTagContent": null
          },
          "HeaderTag": null,
          "HasHeaderTag": false,
          "UnitWeightInGrams": 0,
          "SupplyLimitMessage": "'Freshwater Farm Australia Saltbush + Wattle Seed Extract Rejuvenating Body Bar' has a supply limit of 36. The quantity in your cart has been reduced accordingly. To purchase a larger quantity, please contact us on 1800 000 610. Please note we do not supply trade orders.",
          "SmallFormatDescription": "Freshwater Farm Australia Saltbush + Wattle Seed Extract Rejuvenating Body Bar",
          "FullDescription": "Freshwater Farm Australia Saltbush + Wattle Seed Extract Rejuvenating Body Bar",
          "IsAvailable": true,
          "InstoreIsAvailable": true,
          "IsPurchasable": true,
          "InstoreIsPurchasable": true,
          "AgeRestricted": false,
          "DisplayQuantity": 1,
          "RichDescription": null,
          "IsDeliveryPass": false,
          "HideWasSavedPrice": false,
          "SapCategories": null,
          "Brand": "Freshwater Farm Australia",
          "IsRestrictedByDeliveryMethod": false,
          "FooterTag": {
            "TagContent": null,
            "TagLink": null,
            "FallbackText": null,
            "TagType": "None",
            "MultibuyData": null,
            "TagContentText": null,
            "DualImageTagContent": null
          },
          "IsFooterEnabled": false,
          "Diagnostics": "92",
          "IsBundle": false,
          "IsInFamily": false,
          "ChildProducts": null,
          "UrlOverride": null,
          "AdditionalAttributes": {
            "sapdepartmentname": "GROCERIES",
            "sapdepartmentno": "5",
            "sapcategoryname": "TOILETRIES",
            "sapcategoryno": "85",
            "sapsubcategoryname": "PERSONAL WASH",
            "sapsubcategoryno": "467",
            "sapsegmentname": "SOAP BARS - SINGLE",
            "sapsegmentno": "2",
            "specialsgroupid": "3656",
            "PiesProductDepartmentNodeId": "1_894D0A8",
            "PiesProductDepartmentsjson": "[{\"Id\":\"1_894D0A8\",\"Description\":\"Health & Beauty\"}]",
            "piesdepartmentnamesjson": "[\"Health & Beauty\"]",
            "piescategorynamesjson": "[\"Shower, Bath & Soap\"]",
            "piessubcategorynamesjson": "[\"Soap\"]",
            "servingsize-total-nip": null,
            "servingsperpack-total-nip": null,
            "microwaveable": "False",
            "ovencook": "False",
            "vegetarian": "False",
            "freezable": "False",
            "containsnuts": "False",
            "containsgluten": "False",
            "description": "Triple Milled with essential oils from our family-owned farm for the benefit of your skin. This blend of Geranium, Ylang Ylang and Mandarin Oils will transport you to the ocean. <br><br>Naturally Derived | Vegan | Non-Animal Tested",
            "ingredients": "Sodium Palmate*, Sodium Palm Kernelate*, Purified Water*, Glycerin*, Olea Europaea (Australian Olive) Fruit Oil*, Atriplex Nummularia (Saltbush) Extract*, Pelargonium Graveolens (Geranium) Flower Oil*, Cananga Odorata (Ylang Ylang) Flower Oil*, Acacia Victoriae (Wattle Seed) Extract*, Citrus Aurantium Dulcis (Orange Sweet) Flower Oil*, Citrus Limon (Lemon) Peel Oil*, Citrus Reticulata (Mandarin) Oil*, Butyrospermum Parkii (Shea) Butter**, Tocopherol (Natural Vitamin E)*, Palm Acid*, Palm Kernel Acid*, Sodium Chloride*, Tetrasodium Glutamate Diacetate*, Sodium Gluconate*.<br><br>Naturally Derived*<br><br>Organic Ingredient**",
            "nutritionalinformation": null,
            "storageinstructions": null,
            "usageinstructions": null,
            "brand": "freshwater farm australia",
            "manufacturer": null,
            "countryoforigin": null,
            "productheightmm": null,
            "productwidthmm": null,
            "productdepthmm": null,
            "wool_productpackaging": null,
            "recyclableinformation": null,
            "importantinformation": null,
            "allergencontains": null,
            "allergenmaybepresent": null,
            "allergystatement": null,
            "lifestyleanddietarystatement": null,
            "lifestyleclaim": "100% Naturally Derived, Triple Milled, Cruelty Free, Not Tested on Animals, Vegan.",
            "wool_dietaryclaim": null,
            "boxedcontents": null,
            "suitablefor": null,
            "fragrance": null,
            "colour": null,
            "antioxidant": "False",
            "addedvitaminsandminerals": "False",
            "bpafree": "False",
            "sulfatefree": "False",
            "parabenfree": "False",
            "claims": null,
            "alcoholfree": null,
            "anti-dandruff": null,
            "dermatologicallyapproved": null,
            "dermatologistrecommended": null,
            "dermatologisttested": null,
            "fragrance-free": null,
            "haircolour": null,
            "hairtype": null,
            "hypo-allergenic": null,
            "non-comedogenic": null,
            "oilfree": null,
            "ophthalmologistapproved": null,
            "ophthalmologisttested": null,
            "paba-free": null,
            "skincondition": null,
            "skintype": null,
            "soap-free": null,
            "spf": null,
            "sweatresistant": null,
            "timer": null,
            "waterresistant": null,
            "phbalanced": null,
            "antiseptic": "False",
            "antibacterial": "False",
            "activeconstituents": null,
            "contains": null,
            "microwavesafe": "False",
            "productimagecount": "3",
            "friendlydisclaimer": null,
            "productimages": "149266.jpg,149266_1.jpg,149266_2.jpg",
            "healthstarrating": "0",
            "tgawarnings": null,
            "vendorarticleid": null,
            "vendorcostprice": null,
            "tgawarning": null
          },
          "DetailsImagePaths": [
            "https://cdn0.woolworths.media/content/wowproductimages/large/149266.jpg"
          ],
          "Variety": "Rejuvenating Body Bar",
          "Rating": {
            "ReviewCount": 0,
            "RatingCount": 0,
            "RatingSum": 0,
            "OneStarCount": 0,
            "TwoStarCount": 0,
            "ThreeStarCount": 0,
            "FourStarCount": 0,
            "FiveStarCount": 0,
            "Average": 0,
            "OneStarPercentage": 0,
            "TwoStarPercentage": 0,
            "ThreeStarPercentage": 0,
            "FourStarPercentage": 0,
            "FiveStarPercentage": 0
          },
          "HasProductSubs": false,
          "IsSponsoredAd": false,
          "AdID": null,
          "AdIndex": null,
          "IsMarketProduct": false,
          "IsGiftable": false,
          "Vendor": null,
          "Untraceable": false,
          "ThirdPartyProductInfo": null,
          "MarketFeatures": null,
          "MarketSpecifications": null,
          "SupplyLimitSource": "ProductLimit",
          "Tags": null,
          "IsPersonalisedByPurchaseHistory": false,
          "IsFromFacetedSearch": false,
          "NextAvailabilityDate": "2022-01-26T00:00:00.0000000Z"
        }
      ],
      "Name": "Freshwater Farm Australia Saltbush + Wattle Seed Extract Rejuvenating Body Bar",
      "DisplayName": "Freshwater Farm Australia Saltbush + Wattle Seed Extract Rejuvenating Body Bar 200g"
    },
    {
      "Products": [
        {
          "TileID": 0,
          "Stockcode": 76791,
          "Barcode": "9398523380039",
          "GtinFormat": 13,
          "CupPrice": null,
          "InstoreCupPrice": null,
          "CupMeasure": "0",
          "CupString": "",
          "InstoreCupString": "",
          "HasCupPrice": false,
          "InstoreHasCupPrice": false,
          "Price": 16,
          "InstorePrice": 16,
          "Name": "Frozen 2 Dvd",
          "DisplayName": "Frozen 2 Dvd Each",
          "UrlFriendlyName": "frozen-2-dvd",
          "Description": "  Frozen 2 Dvd Each",
          "SmallImageFile": "https://cdn0.woolworths.media/content/wowproductimages/small/076791.jpg",
          "MediumImageFile": "https://cdn0.woolworths.media/content/wowproductimages/medium/076791.jpg",
          "LargeImageFile": "https://cdn0.woolworths.media/content/wowproductimages/large/076791.jpg",
          "IsNew": false,
          "IsOnSpecial": false,
          "InstoreIsOnSpecial": false,
          "IsEdrSpecial": false,
          "SavingsAmount": 0,
          "InstoreSavingsAmount": 0,
          "WasPrice": 16,
          "InstoreWasPrice": 16,
          "QuantityInTrolley": 0,
          "Unit": "Each",
          "MinimumQuantity": 1,
          "HasBeenBoughtBefore": false,
          "IsInTrolley": false,
          "Source": "SpecialsGroup.Buy More Save More",
          "SupplyLimit": 5,
          "MaxSupplyLimitMessage": "5 item limit",
          "IsRanged": true,
          "IsInStock": true,
          "PackageSize": "Each",
          "IsPmDelivery": false,
          "IsForCollection": true,
          "IsForDelivery": true,
          "IsForExpress": true,
          "ProductRestrictionMessage": null,
          "ProductWarningMessage": null,
          "CentreTag": {
            "TagContent": "<a title=\"2 for 20.00\" href=\"/Shop/OfferGroup/12086728\" ><span style=\"COLOR: #e00216\">2 for $20.00</span> </a>",
            "TagLink": "",
            "FallbackText": null,
            "TagType": "Html",
            "MultibuyData": {
              "Quantity": 2,
              "Price": 20,
              "CupTag": ""
            },
            "TagContentText": "2 for $20.00 ",
            "DualImageTagContent": null
          },
          "IsCentreTag": true,
          "ImageTag": {
            "TagContent": "/content/promotiontags/roundel-buy-more-save-more-200x200.png",
            "TagLink": null,
            "FallbackText": "Buy More Save More",
            "TagType": "None",
            "MultibuyData": null,
            "TagContentText": null,
            "DualImageTagContent": null
          },
          "HeaderTag": null,
          "HasHeaderTag": false,
          "UnitWeightInGrams": 0,
          "SupplyLimitMessage": "'Frozen 2 Dvd' has a supply limit of 5. The quantity in your cart has been reduced accordingly. To purchase a larger quantity, please contact us on 1800 000 610. Please note we do not supply trade orders.",
          "SmallFormatDescription": " Frozen 2 Dvd",
          "FullDescription": " Frozen 2 Dvd",
          "IsAvailable": true,
          "InstoreIsAvailable": true,
          "IsPurchasable": true,
          "InstoreIsPurchasable": true,
          "AgeRestricted": false,
          "DisplayQuantity": 1,
          "RichDescription": null,
          "IsDeliveryPass": false,
          "HideWasSavedPrice": false,
          "SapCategories": null,
          "Brand": null,
          "IsRestrictedByDeliveryMethod": false,
          "FooterTag": {
            "TagContent": null,
            "TagLink": null,
            "FallbackText": null,
            "TagType": "None",
            "MultibuyData": null,
            "TagContentText": null,
            "DualImageTagContent": null
          },
          "IsFooterEnabled": false,
          "Diagnostics": "93",
          "IsBundle": false,
          "IsInFamily": false,
          "ChildProducts": null,
          "UrlOverride": null,
          "AdditionalAttributes": {
            "sapdepartmentname": "GENERAL MERCHANDISE",
            "sapdepartmentno": "15",
            "sapcategoryname": "ELECTRICAL",
            "sapcategoryno": "12",
            "sapsubcategoryname": "DVDS",
            "sapsubcategoryno": "276",
            "sapsegmentname": "DISNEY",
            "sapsegmentno": "4",
            "specialsgroupid": "3656",
            "PiesProductDepartmentNodeId": "1_2432B58",
            "PiesProductDepartmentsjson": "[{\"Id\":\"1_2432B58\",\"Description\":\"Household\"}]",
            "piesdepartmentnamesjson": "[\"Household\"]",
            "piescategorynamesjson": "[\"Stationery & Media\"]",
            "piessubcategorynamesjson": "[\"DVD & Blu-Ray\"]",
            "servingsize-total-nip": null,
            "servingsperpack-total-nip": null,
            "microwaveable": "False",
            "ovencook": "False",
            "vegetarian": "False",
            "freezable": "False",
            "containsnuts": "False",
            "containsgluten": "False",
            "description": null,
            "ingredients": null,
            "nutritionalinformation": null,
            "storageinstructions": null,
            "usageinstructions": null,
            "brand": null,
            "manufacturer": null,
            "countryoforigin": null,
            "productheightmm": null,
            "productwidthmm": null,
            "productdepthmm": null,
            "wool_productpackaging": null,
            "recyclableinformation": null,
            "importantinformation": null,
            "allergencontains": null,
            "allergenmaybepresent": null,
            "allergystatement": null,
            "lifestyleanddietarystatement": null,
            "lifestyleclaim": null,
            "wool_dietaryclaim": null,
            "boxedcontents": null,
            "suitablefor": null,
            "fragrance": null,
            "colour": null,
            "antioxidant": "False",
            "addedvitaminsandminerals": "False",
            "bpafree": "False",
            "sulfatefree": "False",
            "parabenfree": "False",
            "claims": null,
            "alcoholfree": null,
            "anti-dandruff": null,
            "dermatologicallyapproved": null,
            "dermatologistrecommended": null,
            "dermatologisttested": null,
            "fragrance-free": null,
            "haircolour": null,
            "hairtype": null,
            "hypo-allergenic": null,
            "non-comedogenic": null,
            "oilfree": null,
            "ophthalmologistapproved": null,
            "ophthalmologisttested": null,
            "paba-free": null,
            "skincondition": null,
            "skintype": null,
            "soap-free": null,
            "spf": null,
            "sweatresistant": null,
            "timer": null,
            "waterresistant": null,
            "phbalanced": null,
            "antiseptic": "False",
            "antibacterial": "False",
            "activeconstituents": null,
            "contains": null,
            "microwavesafe": "False",
            "productimagecount": "1",
            "friendlydisclaimer": null,
            "productimages": "76791.jpg",
            "healthstarrating": "0",
            "tgawarnings": null,
            "vendorarticleid": null,
            "vendorcostprice": null,
            "tgawarning": null
          },
          "DetailsImagePaths": [
            "https://cdn0.woolworths.media/content/wowproductimages/large/076791.jpg"
          ],
          "Variety": "Dvd",
          "Rating": {
            "ReviewCount": 0,
            "RatingCount": 0,
            "RatingSum": 0,
            "OneStarCount": 0,
            "TwoStarCount": 0,
            "ThreeStarCount": 0,
            "FourStarCount": 0,
            "FiveStarCount": 0,
            "Average": 0,
            "OneStarPercentage": 0,
            "TwoStarPercentage": 0,
            "ThreeStarPercentage": 0,
            "FourStarPercentage": 0,
            "FiveStarPercentage": 0
          },
          "HasProductSubs": false,
          "IsSponsoredAd": false,
          "AdID": null,
          "AdIndex": null,
          "IsMarketProduct": false,
          "IsGiftable": false,
          "Vendor": null,
          "Untraceable": false,
          "ThirdPartyProductInfo": null,
          "MarketFeatures": null,
          "MarketSpecifications": null,
          "SupplyLimitSource": "ProductLimit",
          "Tags": null,
          "IsPersonalisedByPurchaseHistory": false,
          "IsFromFacetedSearch": false,
          "NextAvailabilityDate": "2022-01-26T00:00:00.0000000Z"
        }
      ],
      "Name": "Frozen 2 Dvd",
      "DisplayName": "Frozen 2 Dvd Each"
    },
    {
      "Products": [
        {
          "TileID": 0,
          "Stockcode": 810134,
          "Barcode": "9319185002343",
          "GtinFormat": 13,
          "CupPrice": 0.45,
          "InstoreCupPrice": 0.45,
          "CupMeasure": "100G",
          "CupString": "$0.45 / 100G",
          "InstoreCupString": "$0.45 / 100G",
          "HasCupPrice": true,
          "InstoreHasCupPrice": true,
          "Price": 1.8,
          "InstorePrice": 1.8,
          "Name": "Fussy Cat Grain Free Adult Wet Cat Food Beef & Kangaroo & Sweet Potato",
          "DisplayName": "Fussy Cat Grain Free Adult Wet Cat Food Beef & Kangaroo & Sweet Potato 400g",
          "UrlFriendlyName": "fussy-cat-grain-free-adult-wet-cat-food-beef-kangaroo-sweet-potato",
          "Description": " Fussy Cat Grain Free Adult<br>Wet Cat Food Beef &... 400G",
          "SmallImageFile": "https://cdn0.woolworths.media/content/wowproductimages/small/810134.jpg",
          "MediumImageFile": "https://cdn0.woolworths.media/content/wowproductimages/medium/810134.jpg",
          "LargeImageFile": "https://cdn0.woolworths.media/content/wowproductimages/large/810134.jpg",
          "IsNew": false,
          "IsOnSpecial": false,
          "InstoreIsOnSpecial": false,
          "IsEdrSpecial": false,
          "SavingsAmount": 0,
          "InstoreSavingsAmount": 0,
          "WasPrice": 1.8,
          "InstoreWasPrice": 1.8,
          "QuantityInTrolley": 0,
          "Unit": "Each",
          "MinimumQuantity": 1,
          "HasBeenBoughtBefore": false,
          "IsInTrolley": false,
          "Source": "SpecialsGroup.Buy More Save More",
          "SupplyLimit": 36,
          "MaxSupplyLimitMessage": "36 item limit",
          "IsRanged": true,
          "IsInStock": true,
          "PackageSize": "400G",
          "IsPmDelivery": false,
          "IsForCollection": true,
          "IsForDelivery": true,
          "IsForExpress": true,
          "ProductRestrictionMessage": null,
          "ProductWarningMessage": null,
          "CentreTag": {
            "TagContent": null,
            "TagLink": null,
            "FallbackText": null,
            "TagType": "None",
            "MultibuyData": null,
            "TagContentText": null,
            "DualImageTagContent": null
          },
          "IsCentreTag": false,
          "ImageTag": {
            "TagContent": null,
            "TagLink": null,
            "FallbackText": "",
            "TagType": "None",
            "MultibuyData": null,
            "TagContentText": null,
            "DualImageTagContent": null
          },
          "HeaderTag": null,
          "HasHeaderTag": false,
          "UnitWeightInGrams": 0,
          "SupplyLimitMessage": "'Fussy Cat Grain Free Adult Wet Cat Food Beef & Kangaroo & Sweet Potato' has a supply limit of 36. The quantity in your cart has been reduced accordingly. To purchase a larger quantity, please contact us on 1800 000 610. Please note we do not supply trade orders.",
          "SmallFormatDescription": "Fussy Cat Grain Free Adult Wet Cat Food Beef & Kangaroo & Sweet Potato",
          "FullDescription": "Fussy Cat Grain Free Adult Wet Cat Food Beef & Kangaroo & Sweet Potato",
          "IsAvailable": true,
          "InstoreIsAvailable": true,
          "IsPurchasable": true,
          "InstoreIsPurchasable": true,
          "AgeRestricted": false,
          "DisplayQuantity": 1,
          "RichDescription": null,
          "IsDeliveryPass": false,
          "HideWasSavedPrice": false,
          "SapCategories": null,
          "Brand": "Fussy Cat",
          "IsRestrictedByDeliveryMethod": false,
          "FooterTag": {
            "TagContent": null,
            "TagLink": null,
            "FallbackText": null,
            "TagType": "None",
            "MultibuyData": null,
            "TagContentText": null,
            "DualImageTagContent": null
          },
          "IsFooterEnabled": false,
          "Diagnostics": "94",
          "IsBundle": false,
          "IsInFamily": false,
          "ChildProducts": null,
          "UrlOverride": null,
          "AdditionalAttributes": {
            "sapdepartmentname": "GROCERIES",
            "sapdepartmentno": "5",
            "sapcategoryname": "PET FOOD",
            "sapcategoryno": "49",
            "sapsubcategoryname": "PET NEEDS - CAT FOOD WET",
            "sapsubcategoryno": "187",
            "sapsegmentname": "WET CAT MULTI SERVE CANS",
            "sapsegmentno": "4",
            "specialsgroupid": "3656",
            "PiesProductDepartmentNodeId": "1_61D6FEB",
            "PiesProductDepartmentsjson": "[{\"Id\":\"1_61D6FEB\",\"Description\":\"Pet\"}]",
            "piesdepartmentnamesjson": "[\"Pet\"]",
            "piescategorynamesjson": "[\"Cat & Kitten\"]",
            "piessubcategorynamesjson": "[\"Trays & Cans Cat Food\"]",
            "servingsize-total-nip": null,
            "servingsperpack-total-nip": null,
            "microwaveable": "False",
            "ovencook": "False",
            "vegetarian": "False",
            "freezable": "False",
            "containsnuts": "False",
            "containsgluten": "False",
            "description": "<p>A red meat lover won't be able to resist our Beef and Kangaroo with Sweet Potato. A delicious combination of meat in rich gravy with Australian meat as the #1 ingredient. Not only is this complete and balanced wet cat food irresistibly tasty but has all the nutrition they need to live a healthy life.<BR><BR>A red meat lover won't be able to resist our Beef and Kangaroo with Sweet Potato. A delicious combination of meat in rich gravy with Australian meat as the #1 ingredient. Not only is this complete and balanced wet cat food irresistibly tasty but has all the nutrition they need to live a healthy life. Mix it up with some of our Dry kibble or Fresh mince<br /><br />Mix it up with some of our Dry kibble or Fresh mince<br /><br />Complete & Balanced nutrition<br /><BR>Complete & Balanced nutrition<BR><span id=\"selectionBoundary_1638517110575_19014066570500043\" class=\"rangySelectionBoundary\">?</span></p>",
            "ingredients": "Meats (beef, Kangaroo and/or Lamb and/or Pork), Poultry (chicken and/or Turkey), Sweet Potato, Starch, Pea Flour, Flavours, Vitamins & Minerals, Oils, Gelling Agents, Natural Colour, Taurine.",
            "nutritionalinformation": null,
            "storageinstructions": null,
            "usageinstructions": null,
            "brand": "fussy cat",
            "manufacturer": null,
            "countryoforigin": null,
            "productheightmm": null,
            "productwidthmm": null,
            "productdepthmm": null,
            "wool_productpackaging": null,
            "recyclableinformation": null,
            "importantinformation": null,
            "allergencontains": null,
            "allergenmaybepresent": null,
            "allergystatement": null,
            "lifestyleanddietarystatement": null,
            "lifestyleclaim": null,
            "wool_dietaryclaim": null,
            "boxedcontents": null,
            "suitablefor": null,
            "fragrance": null,
            "colour": null,
            "antioxidant": "False",
            "addedvitaminsandminerals": "False",
            "bpafree": "False",
            "sulfatefree": "False",
            "parabenfree": "False",
            "claims": null,
            "alcoholfree": null,
            "anti-dandruff": null,
            "dermatologicallyapproved": null,
            "dermatologistrecommended": null,
            "dermatologisttested": null,
            "fragrance-free": null,
            "haircolour": null,
            "hairtype": null,
            "hypo-allergenic": null,
            "non-comedogenic": null,
            "oilfree": null,
            "ophthalmologistapproved": null,
            "ophthalmologisttested": null,
            "paba-free": null,
            "skincondition": null,
            "skintype": null,
            "soap-free": null,
            "spf": null,
            "sweatresistant": null,
            "timer": null,
            "waterresistant": null,
            "phbalanced": null,
            "antiseptic": "False",
            "antibacterial": "False",
            "activeconstituents": null,
            "contains": null,
            "microwavesafe": "False",
            "productimagecount": "9",
            "friendlydisclaimer": null,
            "productimages": "810134.jpg,810134_2.jpg,810134_3.jpg,810134_4.jpg,810134_5.jpg,810134_6.jpg,810134_8.jpg,810134_9.jpg,810134_10.jpg",
            "healthstarrating": "0",
            "tgawarnings": null,
            "vendorarticleid": null,
            "vendorcostprice": null,
            "tgawarning": null
          },
          "DetailsImagePaths": [
            "https://cdn0.woolworths.media/content/wowproductimages/large/810134.jpg"
          ],
          "Variety": "Beef & Kangaroo & Sweet Potato",
          "Rating": {
            "ReviewCount": 0,
            "RatingCount": 0,
            "RatingSum": 0,
            "OneStarCount": 0,
            "TwoStarCount": 0,
            "ThreeStarCount": 0,
            "FourStarCount": 0,
            "FiveStarCount": 0,
            "Average": 0,
            "OneStarPercentage": 0,
            "TwoStarPercentage": 0,
            "ThreeStarPercentage": 0,
            "FourStarPercentage": 0,
            "FiveStarPercentage": 0
          },
          "HasProductSubs": false,
          "IsSponsoredAd": false,
          "AdID": null,
          "AdIndex": null,
          "IsMarketProduct": false,
          "IsGiftable": false,
          "Vendor": null,
          "Untraceable": false,
          "ThirdPartyProductInfo": null,
          "MarketFeatures": null,
          "MarketSpecifications": null,
          "SupplyLimitSource": "ProductLimit",
          "Tags": null,
          "IsPersonalisedByPurchaseHistory": false,
          "IsFromFacetedSearch": false,
          "NextAvailabilityDate": "2022-01-26T00:00:00.0000000Z"
        }
      ],
      "Name": "Fussy Cat Grain Free Adult Wet Cat Food Beef & Kangaroo & Sweet Potato",
      "DisplayName": "Fussy Cat Grain Free Adult Wet Cat Food Beef & Kangaroo & Sweet Potato 400g"
    },
    {
      "Products": [
        {
          "TileID": 0,
          "Stockcode": 63810,
          "Barcode": "9319185002954",
          "GtinFormat": 13,
          "CupPrice": 0.45,
          "InstoreCupPrice": 0.45,
          "CupMeasure": "100G",
          "CupString": "$0.45 / 100G",
          "InstoreCupString": "$0.45 / 100G",
          "HasCupPrice": true,
          "InstoreHasCupPrice": true,
          "Price": 1.8,
          "InstorePrice": 1.8,
          "Name": "Fussy Cat Grain Free Adult Wet Cat Food Chicken & Lamb With Rosemary",
          "DisplayName": "Fussy Cat Grain Free Adult Wet Cat Food Chicken & Lamb With Rosemary 400g",
          "UrlFriendlyName": "fussy-cat-grain-free-adult-wet-cat-food-chicken-lamb-with-rosemary",
          "Description": " Fussy Cat Grain Free Adult<br>Wet Cat Food... 400G",
          "SmallImageFile": "https://cdn0.woolworths.media/content/wowproductimages/small/063810.jpg",
          "MediumImageFile": "https://cdn0.woolworths.media/content/wowproductimages/medium/063810.jpg",
          "LargeImageFile": "https://cdn0.woolworths.media/content/wowproductimages/large/063810.jpg",
          "IsNew": false,
          "IsOnSpecial": false,
          "InstoreIsOnSpecial": false,
          "IsEdrSpecial": false,
          "SavingsAmount": 0,
          "InstoreSavingsAmount": 0,
          "WasPrice": 1.8,
          "InstoreWasPrice": 1.8,
          "QuantityInTrolley": 0,
          "Unit": "Each",
          "MinimumQuantity": 1,
          "HasBeenBoughtBefore": false,
          "IsInTrolley": false,
          "Source": "SpecialsGroup.Buy More Save More",
          "SupplyLimit": 36,
          "MaxSupplyLimitMessage": "36 item limit",
          "IsRanged": true,
          "IsInStock": true,
          "PackageSize": "400G",
          "IsPmDelivery": false,
          "IsForCollection": true,
          "IsForDelivery": true,
          "IsForExpress": true,
          "ProductRestrictionMessage": null,
          "ProductWarningMessage": null,
          "CentreTag": {
            "TagContent": null,
            "TagLink": null,
            "FallbackText": null,
            "TagType": "None",
            "MultibuyData": null,
            "TagContentText": null,
            "DualImageTagContent": null
          },
          "IsCentreTag": false,
          "ImageTag": {
            "TagContent": null,
            "TagLink": null,
            "FallbackText": "",
            "TagType": "None",
            "MultibuyData": null,
            "TagContentText": null,
            "DualImageTagContent": null
          },
          "HeaderTag": null,
          "HasHeaderTag": false,
          "UnitWeightInGrams": 0,
          "SupplyLimitMessage": "'Fussy Cat Grain Free Adult Wet Cat Food Chicken & Lamb With Rosemary' has a supply limit of 36. The quantity in your cart has been reduced accordingly. To purchase a larger quantity, please contact us on 1800 000 610. Please note we do not supply trade orders.",
          "SmallFormatDescription": "Fussy Cat Grain Free Adult Wet Cat Food Chicken & Lamb With Rosemary",
          "FullDescription": "Fussy Cat Grain Free Adult Wet Cat Food Chicken & Lamb With Rosemary",
          "IsAvailable": true,
          "InstoreIsAvailable": true,
          "IsPurchasable": true,
          "InstoreIsPurchasable": true,
          "AgeRestricted": false,
          "DisplayQuantity": 1,
          "RichDescription": null,
          "IsDeliveryPass": false,
          "HideWasSavedPrice": false,
          "SapCategories": null,
          "Brand": "Fussy Cat",
          "IsRestrictedByDeliveryMethod": false,
          "FooterTag": {
            "TagContent": null,
            "TagLink": null,
            "FallbackText": null,
            "TagType": "None",
            "MultibuyData": null,
            "TagContentText": null,
            "DualImageTagContent": null
          },
          "IsFooterEnabled": false,
          "Diagnostics": "95",
          "IsBundle": false,
          "IsInFamily": false,
          "ChildProducts": null,
          "UrlOverride": null,
          "AdditionalAttributes": {
            "sapdepartmentname": "GROCERIES",
            "sapdepartmentno": "5",
            "sapcategoryname": "PET FOOD",
            "sapcategoryno": "49",
            "sapsubcategoryname": "PET NEEDS - CAT FOOD WET",
            "sapsubcategoryno": "187",
            "sapsegmentname": "WET CAT MULTI SERVE CANS",
            "sapsegmentno": "4",
            "specialsgroupid": "3656",
            "PiesProductDepartmentNodeId": "1_61D6FEB",
            "PiesProductDepartmentsjson": "[{\"Id\":\"1_61D6FEB\",\"Description\":\"Pet\"}]",
            "piesdepartmentnamesjson": "[\"Pet\"]",
            "piescategorynamesjson": "[\"Cat & Kitten\"]",
            "piessubcategorynamesjson": "[\"Trays & Cans Cat Food\"]",
            "servingsize-total-nip": null,
            "servingsperpack-total-nip": null,
            "microwaveable": "False",
            "ovencook": "False",
            "vegetarian": "False",
            "freezable": "False",
            "containsnuts": "False",
            "containsgluten": "False",
            "description": "<p>Lamb and rosemary are best friends. That is why your cat won't be able to resist our Chicken and Lamb with Rosemary  in tender loaf style. A delicious wet cat food with real Australian meat as the #1 ingredient and complete and balanced so you can rest assured your cat will not only love it but it is good for them too<BR><BR>Lamb and rosemary are best friends. That is why your cat won't be able to resist our Chicken and Lamb with Rosemary in tender loaf style. A delicious wet cat food with real Australian meat as the #1 ingredient and complete and balanced so you can rest assured your cat will not only love it but it is good for them too We have 6x different flavours so you don't have to worry about it.<br /><br />Mix it up with some of our Dry kibble or Fresh mince<br /><br />Complete & Balanced nutrition<br /><br />Australian Made<BR><BR>Complete & Balanced nutrition<BR><BR></p>",
            "ingredients": "Poultry (chicken, and/or turkey), Meats (lamb, and/or beef and/or pork), Fish, Gelling agents, Starch, Flavours (including rosemary), Vitamins & Minerals, Natural colour, Taurine",
            "nutritionalinformation": null,
            "storageinstructions": null,
            "usageinstructions": null,
            "brand": "fussy cat",
            "manufacturer": null,
            "countryoforigin": null,
            "productheightmm": null,
            "productwidthmm": null,
            "productdepthmm": null,
            "wool_productpackaging": null,
            "recyclableinformation": null,
            "importantinformation": null,
            "allergencontains": null,
            "allergenmaybepresent": null,
            "allergystatement": null,
            "lifestyleanddietarystatement": null,
            "lifestyleclaim": null,
            "wool_dietaryclaim": null,
            "boxedcontents": null,
            "suitablefor": null,
            "fragrance": null,
            "colour": null,
            "antioxidant": "False",
            "addedvitaminsandminerals": "False",
            "bpafree": "False",
            "sulfatefree": "False",
            "parabenfree": "False",
            "claims": null,
            "alcoholfree": null,
            "anti-dandruff": null,
            "dermatologicallyapproved": null,
            "dermatologistrecommended": null,
            "dermatologisttested": null,
            "fragrance-free": null,
            "haircolour": null,
            "hairtype": null,
            "hypo-allergenic": null,
            "non-comedogenic": null,
            "oilfree": null,
            "ophthalmologistapproved": null,
            "ophthalmologisttested": null,
            "paba-free": null,
            "skincondition": null,
            "skintype": null,
            "soap-free": null,
            "spf": null,
            "sweatresistant": null,
            "timer": null,
            "waterresistant": null,
            "phbalanced": null,
            "antiseptic": "False",
            "antibacterial": "False",
            "activeconstituents": null,
            "contains": null,
            "microwavesafe": "False",
            "productimagecount": "10",
            "friendlydisclaimer": null,
            "productimages": "63810.jpg,63810_2.jpg,63810_3.jpg,63810_4.jpg,63810_5.jpg,63810_6.jpg,63810_7.jpg,63810_8.jpg,63810_9.jpg,63810_10.jpg",
            "healthstarrating": "0",
            "tgawarnings": null,
            "vendorarticleid": null,
            "vendorcostprice": null,
            "tgawarning": null
          },
          "DetailsImagePaths": [
            "https://cdn0.woolworths.media/content/wowproductimages/large/063810.jpg"
          ],
          "Variety": "Chicken & Lamb With Rosemary",
          "Rating": {
            "ReviewCount": 0,
            "RatingCount": 0,
            "RatingSum": 0,
            "OneStarCount": 0,
            "TwoStarCount": 0,
            "ThreeStarCount": 0,
            "FourStarCount": 0,
            "FiveStarCount": 0,
            "Average": 0,
            "OneStarPercentage": 0,
            "TwoStarPercentage": 0,
            "ThreeStarPercentage": 0,
            "FourStarPercentage": 0,
            "FiveStarPercentage": 0
          },
          "HasProductSubs": false,
          "IsSponsoredAd": false,
          "AdID": null,
          "AdIndex": null,
          "IsMarketProduct": false,
          "IsGiftable": false,
          "Vendor": null,
          "Untraceable": false,
          "ThirdPartyProductInfo": null,
          "MarketFeatures": null,
          "MarketSpecifications": null,
          "SupplyLimitSource": "ProductLimit",
          "Tags": null,
          "IsPersonalisedByPurchaseHistory": false,
          "IsFromFacetedSearch": false,
          "NextAvailabilityDate": "2022-01-26T00:00:00.0000000Z"
        }
      ],
      "Name": "Fussy Cat Grain Free Adult Wet Cat Food Chicken & Lamb With Rosemary",
      "DisplayName": "Fussy Cat Grain Free Adult Wet Cat Food Chicken & Lamb With Rosemary 400g"
    },
    {
      "Products": [
        {
          "TileID": 0,
          "Stockcode": 810160,
          "Barcode": "9319185002329",
          "GtinFormat": 13,
          "CupPrice": 0.45,
          "InstoreCupPrice": 0.45,
          "CupMeasure": "100G",
          "CupString": "$0.45 / 100G",
          "InstoreCupString": "$0.45 / 100G",
          "HasCupPrice": true,
          "InstoreHasCupPrice": true,
          "Price": 1.8,
          "InstorePrice": 1.8,
          "Name": "Fussy Cat Grain Free Adult Wet Cat Food Chicken & Turkey & Cranberry",
          "DisplayName": "Fussy Cat Grain Free Adult Wet Cat Food Chicken & Turkey & Cranberry 400g",
          "UrlFriendlyName": "fussy-cat-grain-free-adult-wet-cat-food-chicken-turkey-cranberry",
          "Description": " Fussy Cat Grain Free Adult<br>Wet Cat Food... 400G",
          "SmallImageFile": "https://cdn0.woolworths.media/content/wowproductimages/small/810160.jpg",
          "MediumImageFile": "https://cdn0.woolworths.media/content/wowproductimages/medium/810160.jpg",
          "LargeImageFile": "https://cdn0.woolworths.media/content/wowproductimages/large/810160.jpg",
          "IsNew": false,
          "IsOnSpecial": false,
          "InstoreIsOnSpecial": false,
          "IsEdrSpecial": false,
          "SavingsAmount": 0,
          "InstoreSavingsAmount": 0,
          "WasPrice": 1.8,
          "InstoreWasPrice": 1.8,
          "QuantityInTrolley": 0,
          "Unit": "Each",
          "MinimumQuantity": 1,
          "HasBeenBoughtBefore": false,
          "IsInTrolley": false,
          "Source": "SpecialsGroup.Buy More Save More",
          "SupplyLimit": 36,
          "MaxSupplyLimitMessage": "36 item limit",
          "IsRanged": true,
          "IsInStock": true,
          "PackageSize": "400G",
          "IsPmDelivery": false,
          "IsForCollection": true,
          "IsForDelivery": true,
          "IsForExpress": true,
          "ProductRestrictionMessage": null,
          "ProductWarningMessage": null,
          "CentreTag": {
            "TagContent": null,
            "TagLink": null,
            "FallbackText": null,
            "TagType": "None",
            "MultibuyData": null,
            "TagContentText": null,
            "DualImageTagContent": null
          },
          "IsCentreTag": false,
          "ImageTag": {
            "TagContent": null,
            "TagLink": null,
            "FallbackText": "",
            "TagType": "None",
            "MultibuyData": null,
            "TagContentText": null,
            "DualImageTagContent": null
          },
          "HeaderTag": null,
          "HasHeaderTag": false,
          "UnitWeightInGrams": 0,
          "SupplyLimitMessage": "'Fussy Cat Grain Free Adult Wet Cat Food Chicken & Turkey & Cranberry' has a supply limit of 36. The quantity in your cart has been reduced accordingly. To purchase a larger quantity, please contact us on 1800 000 610. Please note we do not supply trade orders.",
          "SmallFormatDescription": "Fussy Cat Grain Free Adult Wet Cat Food Chicken & Turkey & Cranberry",
          "FullDescription": "Fussy Cat Grain Free Adult Wet Cat Food Chicken & Turkey & Cranberry",
          "IsAvailable": true,
          "InstoreIsAvailable": true,
          "IsPurchasable": true,
          "InstoreIsPurchasable": true,
          "AgeRestricted": false,
          "DisplayQuantity": 1,
          "RichDescription": null,
          "IsDeliveryPass": false,
          "HideWasSavedPrice": false,
          "SapCategories": null,
          "Brand": "Fussy Cat",
          "IsRestrictedByDeliveryMethod": false,
          "FooterTag": {
            "TagContent": null,
            "TagLink": null,
            "FallbackText": null,
            "TagType": "None",
            "MultibuyData": null,
            "TagContentText": null,
            "DualImageTagContent": null
          },
          "IsFooterEnabled": false,
          "Diagnostics": "96",
          "IsBundle": false,
          "IsInFamily": false,
          "ChildProducts": null,
          "UrlOverride": null,
          "AdditionalAttributes": {
            "sapdepartmentname": "GROCERIES",
            "sapdepartmentno": "5",
            "sapcategoryname": "PET FOOD",
            "sapcategoryno": "49",
            "sapsubcategoryname": "PET NEEDS - CAT FOOD WET",
            "sapsubcategoryno": "187",
            "sapsegmentname": "WET CAT MULTI SERVE CANS",
            "sapsegmentno": "4",
            "specialsgroupid": "3656",
            "PiesProductDepartmentNodeId": "1_61D6FEB",
            "PiesProductDepartmentsjson": "[{\"Id\":\"1_61D6FEB\",\"Description\":\"Pet\"}]",
            "piesdepartmentnamesjson": "[\"Pet\"]",
            "piescategorynamesjson": "[\"Cat & Kitten\"]",
            "piessubcategorynamesjson": "[\"Trays & Cans Cat Food\"]",
            "servingsize-total-nip": null,
            "servingsperpack-total-nip": null,
            "microwaveable": "False",
            "ovencook": "False",
            "vegetarian": "False",
            "freezable": "False",
            "containsnuts": "False",
            "containsgluten": "False",
            "description": "<p>For the poultry lover our Chicken & Turkey is a delicious combination of meat in rich gravy. Made with real Australian meat as the main source of protein this complete and balanced wet cat food will be licked clean from the bowl. <br/><br/>How delightful. We have 6x different flavours so your cat won't get bored. Yum! <br/><br/>Mix it up with some of our Dry kibble or Fresh mince<br/><br/>Complete & Balanced nutrition<br/><br/><BR><BR>Complete & Balanced nutrition<BR><BR></p>",
            "ingredients": "Poultry (chicken, turkey), Meats (beef and/or Lamb and/or Pork), Starch, Flavours, Vitamins & Minerals, Oils, Gelling Agents, Taurine, Natural Colour Cranberry powder.",
            "nutritionalinformation": null,
            "storageinstructions": null,
            "usageinstructions": null,
            "brand": "fussy cat",
            "manufacturer": null,
            "countryoforigin": null,
            "productheightmm": null,
            "productwidthmm": null,
            "productdepthmm": null,
            "wool_productpackaging": null,
            "recyclableinformation": null,
            "importantinformation": null,
            "allergencontains": null,
            "allergenmaybepresent": null,
            "allergystatement": null,
            "lifestyleanddietarystatement": null,
            "lifestyleclaim": null,
            "wool_dietaryclaim": null,
            "boxedcontents": null,
            "suitablefor": null,
            "fragrance": null,
            "colour": null,
            "antioxidant": "False",
            "addedvitaminsandminerals": "False",
            "bpafree": "False",
            "sulfatefree": "False",
            "parabenfree": "False",
            "claims": null,
            "alcoholfree": null,
            "anti-dandruff": null,
            "dermatologicallyapproved": null,
            "dermatologistrecommended": null,
            "dermatologisttested": null,
            "fragrance-free": null,
            "haircolour": null,
            "hairtype": null,
            "hypo-allergenic": null,
            "non-comedogenic": null,
            "oilfree": null,
            "ophthalmologistapproved": null,
            "ophthalmologisttested": null,
            "paba-free": null,
            "skincondition": null,
            "skintype": null,
            "soap-free": null,
            "spf": null,
            "sweatresistant": null,
            "timer": null,
            "waterresistant": null,
            "phbalanced": null,
            "antiseptic": "False",
            "antibacterial": "False",
            "activeconstituents": null,
            "contains": null,
            "microwavesafe": "False",
            "productimagecount": "9",
            "friendlydisclaimer": null,
            "productimages": "810160.jpg,810160_2.jpg,810160_3.jpg,810160_5.jpg,810160_6.jpg,810160_7.jpg,810160_8.jpg,810160_9.jpg,810160_10.jpg",
            "healthstarrating": "0",
            "tgawarnings": null,
            "vendorarticleid": null,
            "vendorcostprice": null,
            "tgawarning": null
          },
          "DetailsImagePaths": [
            "https://cdn0.woolworths.media/content/wowproductimages/large/810160.jpg"
          ],
          "Variety": "Chicken & Turkey & Cranberry",
          "Rating": {
            "ReviewCount": 0,
            "RatingCount": 0,
            "RatingSum": 0,
            "OneStarCount": 0,
            "TwoStarCount": 0,
            "ThreeStarCount": 0,
            "FourStarCount": 0,
            "FiveStarCount": 0,
            "Average": 0,
            "OneStarPercentage": 0,
            "TwoStarPercentage": 0,
            "ThreeStarPercentage": 0,
            "FourStarPercentage": 0,
            "FiveStarPercentage": 0
          },
          "HasProductSubs": false,
          "IsSponsoredAd": false,
          "AdID": null,
          "AdIndex": null,
          "IsMarketProduct": false,
          "IsGiftable": false,
          "Vendor": null,
          "Untraceable": false,
          "ThirdPartyProductInfo": null,
          "MarketFeatures": null,
          "MarketSpecifications": null,
          "SupplyLimitSource": "ProductLimit",
          "Tags": null,
          "IsPersonalisedByPurchaseHistory": false,
          "IsFromFacetedSearch": false,
          "NextAvailabilityDate": "2022-01-26T00:00:00.0000000Z"
        }
      ],
      "Name": "Fussy Cat Grain Free Adult Wet Cat Food Chicken & Turkey & Cranberry",
      "DisplayName": "Fussy Cat Grain Free Adult Wet Cat Food Chicken & Turkey & Cranberry 400g"
    },
    {
      "Products": [
        {
          "TileID": 0,
          "Stockcode": 64194,
          "Barcode": "9319185002930",
          "GtinFormat": 13,
          "CupPrice": 0.45,
          "InstoreCupPrice": 0.45,
          "CupMeasure": "100G",
          "CupString": "$0.45 / 100G",
          "InstoreCupString": "$0.45 / 100G",
          "HasCupPrice": true,
          "InstoreHasCupPrice": true,
          "Price": 1.8,
          "InstorePrice": 1.8,
          "Name": "Fussy Cat Grain Free Adult Wet Cat Food Fine Beef Mince Casserole",
          "DisplayName": "Fussy Cat Grain Free Adult Wet Cat Food Fine Beef Mince Casserole 400g",
          "UrlFriendlyName": "fussy-cat-grain-free-adult-wet-cat-food-fine-beef-mince-casserole",
          "Description": " Fussy Cat Grain Free Adult<br>Wet Cat Food Fine... 400G",
          "SmallImageFile": "https://cdn0.woolworths.media/content/wowproductimages/small/064194.jpg",
          "MediumImageFile": "https://cdn0.woolworths.media/content/wowproductimages/medium/064194.jpg",
          "LargeImageFile": "https://cdn0.woolworths.media/content/wowproductimages/large/064194.jpg",
          "IsNew": false,
          "IsOnSpecial": false,
          "InstoreIsOnSpecial": false,
          "IsEdrSpecial": false,
          "SavingsAmount": 0,
          "InstoreSavingsAmount": 0,
          "WasPrice": 1.8,
          "InstoreWasPrice": 1.8,
          "QuantityInTrolley": 0,
          "Unit": "Each",
          "MinimumQuantity": 1,
          "HasBeenBoughtBefore": false,
          "IsInTrolley": false,
          "Source": "SpecialsGroup.Buy More Save More",
          "SupplyLimit": 36,
          "MaxSupplyLimitMessage": "36 item limit",
          "IsRanged": true,
          "IsInStock": true,
          "PackageSize": "400G",
          "IsPmDelivery": false,
          "IsForCollection": true,
          "IsForDelivery": true,
          "IsForExpress": true,
          "ProductRestrictionMessage": null,
          "ProductWarningMessage": null,
          "CentreTag": {
            "TagContent": null,
            "TagLink": null,
            "FallbackText": null,
            "TagType": "None",
            "MultibuyData": null,
            "TagContentText": null,
            "DualImageTagContent": null
          },
          "IsCentreTag": false,
          "ImageTag": {
            "TagContent": null,
            "TagLink": null,
            "FallbackText": "",
            "TagType": "None",
            "MultibuyData": null,
            "TagContentText": null,
            "DualImageTagContent": null
          },
          "HeaderTag": null,
          "HasHeaderTag": false,
          "UnitWeightInGrams": 0,
          "SupplyLimitMessage": "'Fussy Cat Grain Free Adult Wet Cat Food Fine Beef Mince Casserole' has a supply limit of 36. The quantity in your cart has been reduced accordingly. To purchase a larger quantity, please contact us on 1800 000 610. Please note we do not supply trade orders.",
          "SmallFormatDescription": "Fussy Cat Grain Free Adult Wet Cat Food Fine Beef Mince Casserole",
          "FullDescription": "Fussy Cat Grain Free Adult Wet Cat Food Fine Beef Mince Casserole",
          "IsAvailable": true,
          "InstoreIsAvailable": true,
          "IsPurchasable": true,
          "InstoreIsPurchasable": true,
          "AgeRestricted": false,
          "DisplayQuantity": 1,
          "RichDescription": null,
          "IsDeliveryPass": false,
          "HideWasSavedPrice": false,
          "SapCategories": null,
          "Brand": "Fussy Cat",
          "IsRestrictedByDeliveryMethod": false,
          "FooterTag": {
            "TagContent": null,
            "TagLink": null,
            "FallbackText": null,
            "TagType": "None",
            "MultibuyData": null,
            "TagContentText": null,
            "DualImageTagContent": null
          },
          "IsFooterEnabled": false,
          "Diagnostics": "97",
          "IsBundle": false,
          "IsInFamily": false,
          "ChildProducts": null,
          "UrlOverride": null,
          "AdditionalAttributes": {
            "sapdepartmentname": "GROCERIES",
            "sapdepartmentno": "5",
            "sapcategoryname": "PET FOOD",
            "sapcategoryno": "49",
            "sapsubcategoryname": "PET NEEDS - CAT FOOD WET",
            "sapsubcategoryno": "187",
            "sapsegmentname": "WET CAT MULTI SERVE CANS",
            "sapsegmentno": "4",
            "specialsgroupid": "3656",
            "PiesProductDepartmentNodeId": "1_61D6FEB",
            "PiesProductDepartmentsjson": "[{\"Id\":\"1_61D6FEB\",\"Description\":\"Pet\"}]",
            "piesdepartmentnamesjson": "[\"Pet\"]",
            "piescategorynamesjson": "[\"Cat & Kitten\"]",
            "piessubcategorynamesjson": "[\"Trays & Cans Cat Food\"]",
            "servingsize-total-nip": null,
            "servingsperpack-total-nip": null,
            "microwaveable": "False",
            "ovencook": "False",
            "vegetarian": "False",
            "freezable": "False",
            "containsnuts": "False",
            "containsgluten": "False",
            "description": "<p>Nothing beats a hearty casserole on a cool evening. Our Beef mince casserole is a delicious combination of meat and mince texture that is complete and balanced to ensure they get the nutrition they need. Grainfree means the meat flavours are the hero and your cat will love you for choosing this.<BR><BR>Nothing beats a hearty casserole on a cool evening. Our Beef mince casserole is a delicious combination of meat and mince texture that is complete and balanced to ensure they get the nutrition they need. Grainfree means the meat flavours are the hero and your cat will love you for choosing this. We have 6x different flavours so your cat won't get bored. Yum! <br /><br />Mix it up with some of our Dry kibble or Fresh mince<br /><br />Complete & Balanced nutrition<br /><br />Australian Made<BR><BR>Complete & Balanced nutrition<BR><BR>Australian made.</p>",
            "ingredients": "Meat (Chicken, Beef, and/or Lamb and/or Turkey), Starch, Fish, Flavours, Vitamins & Minerals, Oils, Gelling agents, Natural colour, Taurine.",
            "nutritionalinformation": null,
            "storageinstructions": null,
            "usageinstructions": null,
            "brand": "fussy cat",
            "manufacturer": null,
            "countryoforigin": null,
            "productheightmm": null,
            "productwidthmm": null,
            "productdepthmm": null,
            "wool_productpackaging": null,
            "recyclableinformation": null,
            "importantinformation": null,
            "allergencontains": null,
            "allergenmaybepresent": null,
            "allergystatement": null,
            "lifestyleanddietarystatement": null,
            "lifestyleclaim": null,
            "wool_dietaryclaim": null,
            "boxedcontents": null,
            "suitablefor": null,
            "fragrance": null,
            "colour": null,
            "antioxidant": "False",
            "addedvitaminsandminerals": "False",
            "bpafree": "False",
            "sulfatefree": "False",
            "parabenfree": "False",
            "claims": null,
            "alcoholfree": null,
            "anti-dandruff": null,
            "dermatologicallyapproved": null,
            "dermatologistrecommended": null,
            "dermatologisttested": null,
            "fragrance-free": null,
            "haircolour": null,
            "hairtype": null,
            "hypo-allergenic": null,
            "non-comedogenic": null,
            "oilfree": null,
            "ophthalmologistapproved": null,
            "ophthalmologisttested": null,
            "paba-free": null,
            "skincondition": null,
            "skintype": null,
            "soap-free": null,
            "spf": null,
            "sweatresistant": null,
            "timer": null,
            "waterresistant": null,
            "phbalanced": null,
            "antiseptic": "False",
            "antibacterial": "False",
            "activeconstituents": null,
            "contains": null,
            "microwavesafe": "False",
            "productimagecount": "10",
            "friendlydisclaimer": null,
            "productimages": "64194.jpg,64194_2.jpg,64194_3.jpg,64194_4.jpg,64194_5.jpg,64194_6.jpg,64194_7.jpg,64194_8.jpg,64194_9.jpg,64194_10.jpg",
            "healthstarrating": "0",
            "tgawarnings": null,
            "vendorarticleid": null,
            "vendorcostprice": null,
            "tgawarning": null
          },
          "DetailsImagePaths": [
            "https://cdn0.woolworths.media/content/wowproductimages/large/064194.jpg"
          ],
          "Variety": "Fine Beef Mince Casserole",
          "Rating": {
            "ReviewCount": 0,
            "RatingCount": 0,
            "RatingSum": 0,
            "OneStarCount": 0,
            "TwoStarCount": 0,
            "ThreeStarCount": 0,
            "FourStarCount": 0,
            "FiveStarCount": 0,
            "Average": 0,
            "OneStarPercentage": 0,
            "TwoStarPercentage": 0,
            "ThreeStarPercentage": 0,
            "FourStarPercentage": 0,
            "FiveStarPercentage": 0
          },
          "HasProductSubs": false,
          "IsSponsoredAd": false,
          "AdID": null,
          "AdIndex": null,
          "IsMarketProduct": false,
          "IsGiftable": false,
          "Vendor": null,
          "Untraceable": false,
          "ThirdPartyProductInfo": null,
          "MarketFeatures": null,
          "MarketSpecifications": null,
          "SupplyLimitSource": "ProductLimit",
          "Tags": null,
          "IsPersonalisedByPurchaseHistory": false,
          "IsFromFacetedSearch": false,
          "NextAvailabilityDate": "2022-01-26T00:00:00.0000000Z"
        }
      ],
      "Name": "Fussy Cat Grain Free Adult Wet Cat Food Fine Beef Mince Casserole",
      "DisplayName": "Fussy Cat Grain Free Adult Wet Cat Food Fine Beef Mince Casserole 400g"
    },
    {
      "Products": [
        {
          "TileID": 0,
          "Stockcode": 67483,
          "Barcode": "9319185002947",
          "GtinFormat": 13,
          "CupPrice": 0.45,
          "InstoreCupPrice": 0.45,
          "CupMeasure": "100G",
          "CupString": "$0.45 / 100G",
          "InstoreCupString": "$0.45 / 100G",
          "HasCupPrice": true,
          "InstoreHasCupPrice": true,
          "Price": 1.8,
          "InstorePrice": 1.8,
          "Name": "Fussy Cat Grain Free Adult Wet Cat Food Fine Chicken Mince Casserole",
          "DisplayName": "Fussy Cat Grain Free Adult Wet Cat Food Fine Chicken Mince Casserole 400g",
          "UrlFriendlyName": "fussy-cat-grain-free-adult-wet-cat-food-fine-chicken-mince-casserole",
          "Description": " Fussy Cat Grain Free Adult<br>Wet Cat Food Fine... 400G",
          "SmallImageFile": "https://cdn0.woolworths.media/content/wowproductimages/small/067483.jpg",
          "MediumImageFile": "https://cdn0.woolworths.media/content/wowproductimages/medium/067483.jpg",
          "LargeImageFile": "https://cdn0.woolworths.media/content/wowproductimages/large/067483.jpg",
          "IsNew": false,
          "IsOnSpecial": false,
          "InstoreIsOnSpecial": false,
          "IsEdrSpecial": false,
          "SavingsAmount": 0,
          "InstoreSavingsAmount": 0,
          "WasPrice": 1.8,
          "InstoreWasPrice": 1.8,
          "QuantityInTrolley": 0,
          "Unit": "Each",
          "MinimumQuantity": 1,
          "HasBeenBoughtBefore": false,
          "IsInTrolley": false,
          "Source": "SpecialsGroup.Buy More Save More",
          "SupplyLimit": 36,
          "MaxSupplyLimitMessage": "36 item limit",
          "IsRanged": true,
          "IsInStock": true,
          "PackageSize": "400G",
          "IsPmDelivery": false,
          "IsForCollection": true,
          "IsForDelivery": true,
          "IsForExpress": true,
          "ProductRestrictionMessage": null,
          "ProductWarningMessage": null,
          "CentreTag": {
            "TagContent": null,
            "TagLink": null,
            "FallbackText": null,
            "TagType": "None",
            "MultibuyData": null,
            "TagContentText": null,
            "DualImageTagContent": null
          },
          "IsCentreTag": false,
          "ImageTag": {
            "TagContent": null,
            "TagLink": null,
            "FallbackText": "",
            "TagType": "None",
            "MultibuyData": null,
            "TagContentText": null,
            "DualImageTagContent": null
          },
          "HeaderTag": null,
          "HasHeaderTag": false,
          "UnitWeightInGrams": 0,
          "SupplyLimitMessage": "'Fussy Cat Grain Free Adult Wet Cat Food Fine Chicken Mince Casserole' has a supply limit of 36. The quantity in your cart has been reduced accordingly. To purchase a larger quantity, please contact us on 1800 000 610. Please note we do not supply trade orders.",
          "SmallFormatDescription": "Fussy Cat Grain Free Adult Wet Cat Food Fine Chicken Mince Casserole",
          "FullDescription": "Fussy Cat Grain Free Adult Wet Cat Food Fine Chicken Mince Casserole",
          "IsAvailable": true,
          "InstoreIsAvailable": true,
          "IsPurchasable": true,
          "InstoreIsPurchasable": true,
          "AgeRestricted": false,
          "DisplayQuantity": 1,
          "RichDescription": null,
          "IsDeliveryPass": false,
          "HideWasSavedPrice": false,
          "SapCategories": null,
          "Brand": "Fussy Cat",
          "IsRestrictedByDeliveryMethod": false,
          "FooterTag": {
            "TagContent": null,
            "TagLink": null,
            "FallbackText": null,
            "TagType": "None",
            "MultibuyData": null,
            "TagContentText": null,
            "DualImageTagContent": null
          },
          "IsFooterEnabled": false,
          "Diagnostics": "98",
          "IsBundle": false,
          "IsInFamily": false,
          "ChildProducts": null,
          "UrlOverride": null,
          "AdditionalAttributes": {
            "sapdepartmentname": "GROCERIES",
            "sapdepartmentno": "5",
            "sapcategoryname": "PET FOOD",
            "sapcategoryno": "49",
            "sapsubcategoryname": "PET NEEDS - CAT FOOD WET",
            "sapsubcategoryno": "187",
            "sapsegmentname": "WET CAT MULTI SERVE CANS",
            "sapsegmentno": "4",
            "specialsgroupid": "3656",
            "PiesProductDepartmentNodeId": "1_61D6FEB",
            "PiesProductDepartmentsjson": "[{\"Id\":\"1_61D6FEB\",\"Description\":\"Pet\"}]",
            "piesdepartmentnamesjson": "[\"Pet\"]",
            "piescategorynamesjson": "[\"Cat & Kitten\"]",
            "piessubcategorynamesjson": "[\"Trays & Cans Cat Food\"]",
            "servingsize-total-nip": null,
            "servingsperpack-total-nip": null,
            "microwaveable": "False",
            "ovencook": "False",
            "vegetarian": "False",
            "freezable": "False",
            "containsnuts": "False",
            "containsgluten": "False",
            "description": "<p>Our Chicken Mince casserole is a delicious combination of meat and mince texture. All our Wet cat foods are made with real Australian meat as the main source of protein this complete and balanced meal provides your cat with all the taste they love and the nutrition they need. Perfect as is or add some dry kibble for a bit of variety<BR><BR>Our Chicken Mince casserole is a delicious combination of meat and mince texture. All our Wet cat foods are made with real Australian meat as the main source of protein this complete and balanced meal provides your cat with all the taste they love and the nutrition they need. Perfect as is or add some dry kibble for a bit of variety We have 6x different flavours so your cat won't get bored. Yum!<br /><br />Mix it up with some of our Dry kibble or Fresh mince<br /><br />Complete & Balanced nutrition<br /><br />Australian Made<BR><BR>Complete & Balanced nutrition<BR><BR>Australian made.</p>",
            "ingredients": "Poultry (chicken, and/or turkey), Meats (beef and/or lamb and/or pork), Flavours, Vitamins & Minerals, Oils, Gelling agents, Taurine, Natural colour.",
            "nutritionalinformation": null,
            "storageinstructions": null,
            "usageinstructions": null,
            "brand": "fussy cat",
            "manufacturer": null,
            "countryoforigin": null,
            "productheightmm": null,
            "productwidthmm": null,
            "productdepthmm": null,
            "wool_productpackaging": null,
            "recyclableinformation": null,
            "importantinformation": null,
            "allergencontains": null,
            "allergenmaybepresent": null,
            "allergystatement": null,
            "lifestyleanddietarystatement": null,
            "lifestyleclaim": null,
            "wool_dietaryclaim": null,
            "boxedcontents": null,
            "suitablefor": null,
            "fragrance": null,
            "colour": null,
            "antioxidant": "False",
            "addedvitaminsandminerals": "False",
            "bpafree": "False",
            "sulfatefree": "False",
            "parabenfree": "False",
            "claims": null,
            "alcoholfree": null,
            "anti-dandruff": null,
            "dermatologicallyapproved": null,
            "dermatologistrecommended": null,
            "dermatologisttested": null,
            "fragrance-free": null,
            "haircolour": null,
            "hairtype": null,
            "hypo-allergenic": null,
            "non-comedogenic": null,
            "oilfree": null,
            "ophthalmologistapproved": null,
            "ophthalmologisttested": null,
            "paba-free": null,
            "skincondition": null,
            "skintype": null,
            "soap-free": null,
            "spf": null,
            "sweatresistant": null,
            "timer": null,
            "waterresistant": null,
            "phbalanced": null,
            "antiseptic": "False",
            "antibacterial": "False",
            "activeconstituents": null,
            "contains": null,
            "microwavesafe": "False",
            "productimagecount": "9",
            "friendlydisclaimer": null,
            "productimages": "67483.jpg,67483_2.jpg,67483_3.jpg,67483_5.jpg,67483_6.jpg,67483_7.jpg,67483_8.jpg,67483_9.jpg,67483_10.jpg",
            "healthstarrating": "0",
            "tgawarnings": null,
            "vendorarticleid": null,
            "vendorcostprice": null,
            "tgawarning": null
          },
          "DetailsImagePaths": [
            "https://cdn0.woolworths.media/content/wowproductimages/large/067483.jpg"
          ],
          "Variety": "Fine Chicken Mince Casserole",
          "Rating": {
            "ReviewCount": 0,
            "RatingCount": 0,
            "RatingSum": 0,
            "OneStarCount": 0,
            "TwoStarCount": 0,
            "ThreeStarCount": 0,
            "FourStarCount": 0,
            "FiveStarCount": 0,
            "Average": 0,
            "OneStarPercentage": 0,
            "TwoStarPercentage": 0,
            "ThreeStarPercentage": 0,
            "FourStarPercentage": 0,
            "FiveStarPercentage": 0
          },
          "HasProductSubs": false,
          "IsSponsoredAd": false,
          "AdID": null,
          "AdIndex": null,
          "IsMarketProduct": false,
          "IsGiftable": false,
          "Vendor": null,
          "Untraceable": false,
          "ThirdPartyProductInfo": null,
          "MarketFeatures": null,
          "MarketSpecifications": null,
          "SupplyLimitSource": "ProductLimit",
          "Tags": null,
          "IsPersonalisedByPurchaseHistory": false,
          "IsFromFacetedSearch": false,
          "NextAvailabilityDate": "2022-01-26T00:00:00.0000000Z"
        }
      ],
      "Name": "Fussy Cat Grain Free Adult Wet Cat Food Fine Chicken Mince Casserole",
      "DisplayName": "Fussy Cat Grain Free Adult Wet Cat Food Fine Chicken Mince Casserole 400g"
    },
    {
      "Products": [
        {
          "TileID": 0,
          "Stockcode": 809443,
          "Barcode": "9319185002336",
          "GtinFormat": 13,
          "CupPrice": 0.45,
          "InstoreCupPrice": 0.45,
          "CupMeasure": "100G",
          "CupString": "$0.45 / 100G",
          "InstoreCupString": "$0.45 / 100G",
          "HasCupPrice": true,
          "InstoreHasCupPrice": true,
          "Price": 1.8,
          "InstorePrice": 1.8,
          "Name": "Fussy Cat Grain Free Adult Wet Cat Food Salmon & Oceanfish & Olive Oil",
          "DisplayName": "Fussy Cat Grain Free Adult Wet Cat Food Salmon & Oceanfish & Olive Oil 400g",
          "UrlFriendlyName": "fussy-cat-grain-free-adult-wet-cat-food-salmon-oceanfish-olive-oil",
          "Description": " Fussy Cat Grain Free Adult<br>Wet Cat Food Salmon... 400G",
          "SmallImageFile": "https://cdn0.woolworths.media/content/wowproductimages/small/809443.jpg",
          "MediumImageFile": "https://cdn0.woolworths.media/content/wowproductimages/medium/809443.jpg",
          "LargeImageFile": "https://cdn0.woolworths.media/content/wowproductimages/large/809443.jpg",
          "IsNew": false,
          "IsOnSpecial": false,
          "InstoreIsOnSpecial": false,
          "IsEdrSpecial": false,
          "SavingsAmount": 0,
          "InstoreSavingsAmount": 0,
          "WasPrice": 1.8,
          "InstoreWasPrice": 1.8,
          "QuantityInTrolley": 0,
          "Unit": "Each",
          "MinimumQuantity": 1,
          "HasBeenBoughtBefore": false,
          "IsInTrolley": false,
          "Source": "SpecialsGroup.Buy More Save More",
          "SupplyLimit": 36,
          "MaxSupplyLimitMessage": "36 item limit",
          "IsRanged": true,
          "IsInStock": true,
          "PackageSize": "400G",
          "IsPmDelivery": false,
          "IsForCollection": true,
          "IsForDelivery": true,
          "IsForExpress": true,
          "ProductRestrictionMessage": null,
          "ProductWarningMessage": null,
          "CentreTag": {
            "TagContent": null,
            "TagLink": null,
            "FallbackText": null,
            "TagType": "None",
            "MultibuyData": null,
            "TagContentText": null,
            "DualImageTagContent": null
          },
          "IsCentreTag": false,
          "ImageTag": {
            "TagContent": null,
            "TagLink": null,
            "FallbackText": "",
            "TagType": "None",
            "MultibuyData": null,
            "TagContentText": null,
            "DualImageTagContent": null
          },
          "HeaderTag": null,
          "HasHeaderTag": false,
          "UnitWeightInGrams": 0,
          "SupplyLimitMessage": "'Fussy Cat Grain Free Adult Wet Cat Food Salmon & Oceanfish & Olive Oil' has a supply limit of 36. The quantity in your cart has been reduced accordingly. To purchase a larger quantity, please contact us on 1800 000 610. Please note we do not supply trade orders.",
          "SmallFormatDescription": "Fussy Cat Grain Free Adult Wet Cat Food Salmon & Oceanfish & Olive Oil",
          "FullDescription": "Fussy Cat Grain Free Adult Wet Cat Food Salmon & Oceanfish & Olive Oil",
          "IsAvailable": true,
          "InstoreIsAvailable": true,
          "IsPurchasable": true,
          "InstoreIsPurchasable": true,
          "AgeRestricted": false,
          "DisplayQuantity": 1,
          "RichDescription": null,
          "IsDeliveryPass": false,
          "HideWasSavedPrice": false,
          "SapCategories": null,
          "Brand": "Fussy Cat",
          "IsRestrictedByDeliveryMethod": false,
          "FooterTag": {
            "TagContent": null,
            "TagLink": null,
            "FallbackText": null,
            "TagType": "None",
            "MultibuyData": null,
            "TagContentText": null,
            "DualImageTagContent": null
          },
          "IsFooterEnabled": false,
          "Diagnostics": "99",
          "IsBundle": false,
          "IsInFamily": false,
          "ChildProducts": null,
          "UrlOverride": null,
          "AdditionalAttributes": {
            "sapdepartmentname": "GROCERIES",
            "sapdepartmentno": "5",
            "sapcategoryname": "PET FOOD",
            "sapcategoryno": "49",
            "sapsubcategoryname": "PET NEEDS - CAT FOOD WET",
            "sapsubcategoryno": "187",
            "sapsegmentname": "WET CAT MULTI SERVE CANS",
            "sapsegmentno": "4",
            "specialsgroupid": "3656",
            "PiesProductDepartmentNodeId": "1_61D6FEB",
            "PiesProductDepartmentsjson": "[{\"Id\":\"1_61D6FEB\",\"Description\":\"Pet\"}]",
            "piesdepartmentnamesjson": "[\"Pet\"]",
            "piescategorynamesjson": "[\"Cat & Kitten\"]",
            "piessubcategorynamesjson": "[\"Trays & Cans Cat Food\"]",
            "servingsize-total-nip": null,
            "servingsperpack-total-nip": null,
            "microwaveable": "False",
            "ovencook": "False",
            "vegetarian": "False",
            "freezable": "False",
            "containsnuts": "False",
            "containsgluten": "False",
            "description": "<p>Perfect for the fish lovers our Salmon and Whitefish with Olive oil is a delicious combination of meat in tender loaf style.  Your cat will be wanting more of this wet cat food that is complete and balanced and delicious. Mix up it up with one of the other different flavours and textures so your cat won't get bored. Yum!<BR><BR>Perfect for the fish lovers our Salmon and Whitefish with Olive oil is a delicious combination of meat in tender loaf style. Your cat will be wanting more of this wet cat food that is complete and balanced and delicious. Mix up it up with one of the other different flavours and textures so your cat won't get bored. Yum!<br /><br />Mix it up with some of our Dry kibble or Fresh mince<br /><br />Complete & Balanced nutrition<br /><BR>Complete & Balanced nutrition<BR></p>",
            "ingredients": "Fishes (salmon, oceanfish), Poultry (chicken and/or turkey), Meats (beef and/or Lamb and/or Pork), Gelling Agents, Starch, Flavours, Vitamins & Minerals, Olive Oil, Taurine.",
            "nutritionalinformation": null,
            "storageinstructions": null,
            "usageinstructions": null,
            "brand": "fussy cat",
            "manufacturer": null,
            "countryoforigin": null,
            "productheightmm": null,
            "productwidthmm": null,
            "productdepthmm": null,
            "wool_productpackaging": null,
            "recyclableinformation": null,
            "importantinformation": null,
            "allergencontains": null,
            "allergenmaybepresent": null,
            "allergystatement": null,
            "lifestyleanddietarystatement": null,
            "lifestyleclaim": null,
            "wool_dietaryclaim": null,
            "boxedcontents": null,
            "suitablefor": null,
            "fragrance": null,
            "colour": null,
            "antioxidant": "False",
            "addedvitaminsandminerals": "False",
            "bpafree": "False",
            "sulfatefree": "False",
            "parabenfree": "False",
            "claims": null,
            "alcoholfree": null,
            "anti-dandruff": null,
            "dermatologicallyapproved": null,
            "dermatologistrecommended": null,
            "dermatologisttested": null,
            "fragrance-free": null,
            "haircolour": null,
            "hairtype": null,
            "hypo-allergenic": null,
            "non-comedogenic": null,
            "oilfree": null,
            "ophthalmologistapproved": null,
            "ophthalmologisttested": null,
            "paba-free": null,
            "skincondition": null,
            "skintype": null,
            "soap-free": null,
            "spf": null,
            "sweatresistant": null,
            "timer": null,
            "waterresistant": null,
            "phbalanced": null,
            "antiseptic": "False",
            "antibacterial": "False",
            "activeconstituents": null,
            "contains": null,
            "microwavesafe": "False",
            "productimagecount": "10",
            "friendlydisclaimer": null,
            "productimages": "809443.jpg,809443_2.jpg,809443_3.jpg,809443_4.jpg,809443_5.jpg,809443_6.jpg,809443_7.jpg,809443_8.jpg,809443_9.jpg,809443_10.jpg",
            "healthstarrating": "0",
            "tgawarnings": null,
            "vendorarticleid": null,
            "vendorcostprice": null,
            "tgawarning": null
          },
          "DetailsImagePaths": [
            "https://cdn0.woolworths.media/content/wowproductimages/large/809443.jpg"
          ],
          "Variety": "Salmon & Oceanfish & Olive Oil",
          "Rating": {
            "ReviewCount": 0,
            "RatingCount": 0,
            "RatingSum": 0,
            "OneStarCount": 0,
            "TwoStarCount": 0,
            "ThreeStarCount": 0,
            "FourStarCount": 0,
            "FiveStarCount": 0,
            "Average": 0,
            "OneStarPercentage": 0,
            "TwoStarPercentage": 0,
            "ThreeStarPercentage": 0,
            "FourStarPercentage": 0,
            "FiveStarPercentage": 0
          },
          "HasProductSubs": false,
          "IsSponsoredAd": false,
          "AdID": null,
          "AdIndex": null,
          "IsMarketProduct": false,
          "IsGiftable": false,
          "Vendor": null,
          "Untraceable": false,
          "ThirdPartyProductInfo": null,
          "MarketFeatures": null,
          "MarketSpecifications": null,
          "SupplyLimitSource": "ProductLimit",
          "Tags": null,
          "IsPersonalisedByPurchaseHistory": false,
          "IsFromFacetedSearch": false,
          "NextAvailabilityDate": "2022-01-26T00:00:00.0000000Z"
        }
      ],
      "Name": "Fussy Cat Grain Free Adult Wet Cat Food Salmon & Oceanfish & Olive Oil",
      "DisplayName": "Fussy Cat Grain Free Adult Wet Cat Food Salmon & Oceanfish & Olive Oil 400g"
    },
    {
      "Products": [
        {
          "TileID": 0,
          "Stockcode": 137007,
          "Barcode": "9300622005065",
          "GtinFormat": 13,
          "CupPrice": 6.25,
          "InstoreCupPrice": 6.25,
          "CupMeasure": "100G",
          "CupString": "$6.25 / 100G",
          "InstoreCupString": "$6.25 / 100G",
          "HasCupPrice": true,
          "InstoreHasCupPrice": true,
          "Price": 6,
          "InstorePrice": 6,
          "Name": "Glade Candle Air Freshener Limited Edition",
          "DisplayName": "Glade Candle Air Freshener Limited Edition 96g",
          "UrlFriendlyName": "glade-candle-air-freshener-limited-edition",
          "Description": " Glade Candle Air Freshener<br>Limited Edition 96G",
          "SmallImageFile": "https://cdn0.woolworths.media/content/wowproductimages/small/137007.jpg",
          "MediumImageFile": "https://cdn0.woolworths.media/content/wowproductimages/medium/137007.jpg",
          "LargeImageFile": "https://cdn0.woolworths.media/content/wowproductimages/large/137007.jpg",
          "IsNew": false,
          "IsOnSpecial": false,
          "InstoreIsOnSpecial": false,
          "IsEdrSpecial": false,
          "SavingsAmount": 0,
          "InstoreSavingsAmount": 0,
          "WasPrice": 6,
          "InstoreWasPrice": 6,
          "QuantityInTrolley": 0,
          "Unit": "Each",
          "MinimumQuantity": 1,
          "HasBeenBoughtBefore": false,
          "IsInTrolley": false,
          "Source": "SpecialsGroup.Buy More Save More",
          "SupplyLimit": 36,
          "MaxSupplyLimitMessage": "36 item limit",
          "IsRanged": true,
          "IsInStock": true,
          "PackageSize": "96G",
          "IsPmDelivery": false,
          "IsForCollection": true,
          "IsForDelivery": true,
          "IsForExpress": true,
          "ProductRestrictionMessage": null,
          "ProductWarningMessage": null,
          "CentreTag": {
            "TagContent": "<span style=\"COLOR: #e00216\">Range was $6.99 12/01/2017</span>",
            "TagLink": null,
            "FallbackText": null,
            "TagType": "Html",
            "MultibuyData": null,
            "TagContentText": "Range was $6.99 12/01/2017",
            "DualImageTagContent": null
          },
          "IsCentreTag": true,
          "ImageTag": {
            "TagContent": "/content/promotiontags/final_only_at_woolworths_roundel_200x200.png",
            "TagLink": null,
            "FallbackText": "ONLY AT WOOLWORTHS",
            "TagType": "None",
            "MultibuyData": null,
            "TagContentText": null,
            "DualImageTagContent": null
          },
          "HeaderTag": {
            "BackgroundColor": "#fff",
            "BorderColor": "#c20016",
            "TextColor": "#c20016",
            "Content": "<span class=\"u-semibold\">Prices dropped</span>",
            "TagLink": null,
            "Promotion": "PriceDropped"
          },
          "HasHeaderTag": true,
          "UnitWeightInGrams": 0,
          "SupplyLimitMessage": "'Glade Candle Air Freshener Limited Edition' has a supply limit of 36. The quantity in your cart has been reduced accordingly. To purchase a larger quantity, please contact us on 1800 000 610. Please note we do not supply trade orders.",
          "SmallFormatDescription": "Glade Candle Air Freshener Limited Edition",
          "FullDescription": "Glade Candle Air Freshener Limited Edition",
          "IsAvailable": true,
          "InstoreIsAvailable": true,
          "IsPurchasable": true,
          "InstoreIsPurchasable": true,
          "AgeRestricted": false,
          "DisplayQuantity": 1,
          "RichDescription": null,
          "IsDeliveryPass": false,
          "HideWasSavedPrice": false,
          "SapCategories": null,
          "Brand": "Glade",
          "IsRestrictedByDeliveryMethod": false,
          "FooterTag": {
            "TagContent": "Price Dropped",
            "TagLink": null,
            "FallbackText": null,
            "TagType": "Html",
            "MultibuyData": null,
            "TagContentText": null,
            "DualImageTagContent": null
          },
          "IsFooterEnabled": true,
          "Diagnostics": "100",
          "IsBundle": false,
          "IsInFamily": false,
          "ChildProducts": null,
          "UrlOverride": null,
          "AdditionalAttributes": {
            "sapdepartmentname": "GROCERIES",
            "sapdepartmentno": "5",
            "sapcategoryname": "CLEANSING",
            "sapcategoryno": "52",
            "sapsubcategoryname": "AIRCARE",
            "sapsubcategoryno": "206",
            "sapsegmentname": "CONT ACT INCENSE/BURNERS/CNDLS",
            "sapsegmentno": "15",
            "specialsgroupid": "3656",
            "PiesProductDepartmentNodeId": "1_2432B58",
            "PiesProductDepartmentsjson": "[{\"Id\":\"1_2432B58\",\"Description\":\"Household\"}]",
            "piesdepartmentnamesjson": "[\"Household\"]",
            "piescategorynamesjson": "[\"Homewares\",\"Cleaning Goods\"]",
            "piessubcategorynamesjson": "[\"Candles & Fragrances\",\"Air Fresheners\"]",
            "servingsize-total-nip": null,
            "servingsperpack-total-nip": null,
            "microwaveable": "False",
            "ovencook": "False",
            "vegetarian": "False",
            "freezable": "False",
            "containsnuts": "False",
            "containsgluten": "False",
            "description": "Glade Candle Limited Edition 96g",
            "ingredients": "Synthetic Wax; Petrolatum; Microcrystalline Wax; Fragrance; Benzophenone -12; Polyoxypropylene (12) Dimethicone; Colourant.<br>SCJ Formula # 35*26339",
            "nutritionalinformation": null,
            "storageinstructions": null,
            "usageinstructions": null,
            "brand": "glade",
            "manufacturer": null,
            "countryoforigin": null,
            "productheightmm": null,
            "productwidthmm": null,
            "productdepthmm": null,
            "wool_productpackaging": null,
            "recyclableinformation": null,
            "importantinformation": null,
            "allergencontains": null,
            "allergenmaybepresent": null,
            "allergystatement": null,
            "lifestyleanddietarystatement": null,
            "lifestyleclaim": null,
            "wool_dietaryclaim": null,
            "boxedcontents": null,
            "suitablefor": null,
            "fragrance": null,
            "colour": null,
            "antioxidant": "False",
            "addedvitaminsandminerals": "False",
            "bpafree": "False",
            "sulfatefree": "False",
            "parabenfree": "False",
            "claims": null,
            "alcoholfree": null,
            "anti-dandruff": null,
            "dermatologicallyapproved": null,
            "dermatologistrecommended": null,
            "dermatologisttested": null,
            "fragrance-free": null,
            "haircolour": null,
            "hairtype": null,
            "hypo-allergenic": null,
            "non-comedogenic": null,
            "oilfree": null,
            "ophthalmologistapproved": null,
            "ophthalmologisttested": null,
            "paba-free": null,
            "skincondition": null,
            "skintype": null,
            "soap-free": null,
            "spf": null,
            "sweatresistant": null,
            "timer": null,
            "waterresistant": null,
            "phbalanced": null,
            "antiseptic": "False",
            "antibacterial": "False",
            "activeconstituents": null,
            "contains": null,
            "microwavesafe": "False",
            "productimagecount": "2",
            "friendlydisclaimer": null,
            "productimages": "137007.jpg,137007_2.jpg",
            "healthstarrating": "0",
            "tgawarnings": null,
            "vendorarticleid": null,
            "vendorcostprice": null,
            "tgawarning": null
          },
          "DetailsImagePaths": [
            "https://cdn0.woolworths.media/content/wowproductimages/large/137007.jpg"
          ],
          "Variety": "Edition",
          "Rating": {
            "ReviewCount": 0,
            "RatingCount": 0,
            "RatingSum": 0,
            "OneStarCount": 0,
            "TwoStarCount": 0,
            "ThreeStarCount": 0,
            "FourStarCount": 0,
            "FiveStarCount": 0,
            "Average": 0,
            "OneStarPercentage": 0,
            "TwoStarPercentage": 0,
            "ThreeStarPercentage": 0,
            "FourStarPercentage": 0,
            "FiveStarPercentage": 0
          },
          "HasProductSubs": false,
          "IsSponsoredAd": false,
          "AdID": null,
          "AdIndex": null,
          "IsMarketProduct": false,
          "IsGiftable": false,
          "Vendor": null,
          "Untraceable": false,
          "ThirdPartyProductInfo": null,
          "MarketFeatures": null,
          "MarketSpecifications": null,
          "SupplyLimitSource": "ProductLimit",
          "Tags": null,
          "IsPersonalisedByPurchaseHistory": false,
          "IsFromFacetedSearch": false,
          "NextAvailabilityDate": "2022-01-26T00:00:00.0000000Z"
        }
      ],
      "Name": "Glade Candle Air Freshener Limited Edition",
      "DisplayName": "Glade Candle Air Freshener Limited Edition 96g"
    },
    {
      "Products": [
        {
          "TileID": 0,
          "Stockcode": 510891,
          "Barcode": "46500703348",
          "GtinFormat": 0,
          "CupPrice": 6.25,
          "InstoreCupPrice": 6.25,
          "CupMeasure": "100G",
          "CupString": "$6.25 / 100G",
          "InstoreCupString": "$6.25 / 100G",
          "HasCupPrice": true,
          "InstoreHasCupPrice": true,
          "Price": 6,
          "InstorePrice": 6,
          "Name": "Glade Candle Air Freshener Scented Fresh Berries & Wild Raspberry",
          "DisplayName": "Glade Candle Air Freshener Scented Fresh Berries & Wild Raspberry 96g",
          "UrlFriendlyName": "glade-candle-air-freshener-scented-fresh-berries-wild-raspberry",
          "Description": " Glade Candle Air Freshener<br>Scented Fresh... 96G",
          "SmallImageFile": "https://cdn0.woolworths.media/content/wowproductimages/small/510891.jpg",
          "MediumImageFile": "https://cdn0.woolworths.media/content/wowproductimages/medium/510891.jpg",
          "LargeImageFile": "https://cdn0.woolworths.media/content/wowproductimages/large/510891.jpg",
          "IsNew": false,
          "IsOnSpecial": false,
          "InstoreIsOnSpecial": false,
          "IsEdrSpecial": false,
          "SavingsAmount": 0,
          "InstoreSavingsAmount": 0,
          "WasPrice": 6,
          "InstoreWasPrice": 6,
          "QuantityInTrolley": 0,
          "Unit": "Each",
          "MinimumQuantity": 1,
          "HasBeenBoughtBefore": false,
          "IsInTrolley": false,
          "Source": "SpecialsGroup.Buy More Save More",
          "SupplyLimit": 36,
          "MaxSupplyLimitMessage": "36 item limit",
          "IsRanged": true,
          "IsInStock": true,
          "PackageSize": "96G",
          "IsPmDelivery": false,
          "IsForCollection": true,
          "IsForDelivery": true,
          "IsForExpress": true,
          "ProductRestrictionMessage": null,
          "ProductWarningMessage": null,
          "CentreTag": {
            "TagContent": "<span style=\"COLOR: #e00216\">Range was $6.99 12/01/2017</span>",
            "TagLink": null,
            "FallbackText": null,
            "TagType": "Html",
            "MultibuyData": null,
            "TagContentText": "Range was $6.99 12/01/2017",
            "DualImageTagContent": null
          },
          "IsCentreTag": true,
          "ImageTag": {
            "TagContent": null,
            "TagLink": null,
            "FallbackText": "",
            "TagType": "None",
            "MultibuyData": null,
            "TagContentText": null,
            "DualImageTagContent": null
          },
          "HeaderTag": {
            "BackgroundColor": "#fff",
            "BorderColor": "#c20016",
            "TextColor": "#c20016",
            "Content": "<span class=\"u-semibold\">Prices dropped</span>",
            "TagLink": null,
            "Promotion": "PriceDropped"
          },
          "HasHeaderTag": true,
          "UnitWeightInGrams": 0,
          "SupplyLimitMessage": "'Glade Candle Air Freshener Scented Fresh Berries & Wild Raspberry' has a supply limit of 36. The quantity in your cart has been reduced accordingly. To purchase a larger quantity, please contact us on 1800 000 610. Please note we do not supply trade orders.",
          "SmallFormatDescription": "Glade Candle Air Freshener Scented Fresh Berries & Wild Raspberry",
          "FullDescription": "Glade Candle Air Freshener Scented Fresh Berries & Wild Raspberry",
          "IsAvailable": true,
          "InstoreIsAvailable": true,
          "IsPurchasable": true,
          "InstoreIsPurchasable": true,
          "AgeRestricted": false,
          "DisplayQuantity": 1,
          "RichDescription": null,
          "IsDeliveryPass": false,
          "HideWasSavedPrice": false,
          "SapCategories": null,
          "Brand": "Glade",
          "IsRestrictedByDeliveryMethod": false,
          "FooterTag": {
            "TagContent": "Price Dropped",
            "TagLink": null,
            "FallbackText": null,
            "TagType": "Html",
            "MultibuyData": null,
            "TagContentText": null,
            "DualImageTagContent": null
          },
          "IsFooterEnabled": true,
          "Diagnostics": "101",
          "IsBundle": false,
          "IsInFamily": false,
          "ChildProducts": null,
          "UrlOverride": null,
          "AdditionalAttributes": {
            "sapdepartmentname": "GROCERIES",
            "sapdepartmentno": "5",
            "sapcategoryname": "CLEANSING",
            "sapcategoryno": "52",
            "sapsubcategoryname": "AIRCARE",
            "sapsubcategoryno": "206",
            "sapsegmentname": "CONT ACT INCENSE/BURNERS/CNDLS",
            "sapsegmentno": "15",
            "specialsgroupid": "3656",
            "PiesProductDepartmentNodeId": "1_2432B58",
            "PiesProductDepartmentsjson": "[{\"Id\":\"1_2432B58\",\"Description\":\"Household\"}]",
            "piesdepartmentnamesjson": "[\"Household\"]",
            "piescategorynamesjson": "[\"Homewares\",\"Cleaning Goods\"]",
            "piessubcategorynamesjson": "[\"Candles & Fragrances\",\"Air Fresheners\"]",
            "servingsize-total-nip": null,
            "servingsperpack-total-nip": null,
            "microwaveable": "False",
            "ovencook": "False",
            "vegetarian": "False",
            "freezable": "False",
            "containsnuts": "False",
            "containsgluten": "False",
            "description": "Two fantastic fragrances make for a one-of-a-kind experience with Glade 2 in 1 Scented Candles.<BR><BR>Relax as a unique blend of two amazing scents quickly fills the room, forming a unique fusion of fragrance for your home with Glade enhanced scented candles. <br /><br />You will be soaring to berry and beyond. Double up on your share of berry goodness with an explosion of raspberry, strawberry and blackberry scents that’ll send your positivity flying sky high.<br /><br />With extended burn time, you will enjoy your formulated fragrance infused with essential oils for longer. In fact, for long lasting impact, Glade 2 in 1 candles fragrance nicely lingers after the candle is blown out.<br /><br />The candle's pretty glass container is designed to quickly fill the room with fragrance. Available in a wide variety of scents, including seasonal and limited edition fragrances you will fill your home with consistent fragrance experience from beginning to end. <br /><br />Discover the joy of fragrance, fresh from Glade.<BR><BR>Unique Blend of 2 Amazing Scents<BR><BR>Quickly Fill a Room with Fragrance<BR><BR>Delivers a consistent fragrance experience from beginning to end.",
            "ingredients": "SCJ Formula# 35*23273",
            "nutritionalinformation": null,
            "storageinstructions": null,
            "usageinstructions": null,
            "brand": "glade",
            "manufacturer": null,
            "countryoforigin": null,
            "productheightmm": null,
            "productwidthmm": null,
            "productdepthmm": null,
            "wool_productpackaging": null,
            "recyclableinformation": null,
            "importantinformation": null,
            "allergencontains": null,
            "allergenmaybepresent": null,
            "allergystatement": null,
            "lifestyleanddietarystatement": null,
            "lifestyleclaim": null,
            "wool_dietaryclaim": null,
            "boxedcontents": null,
            "suitablefor": null,
            "fragrance": null,
            "colour": null,
            "antioxidant": "False",
            "addedvitaminsandminerals": "False",
            "bpafree": "False",
            "sulfatefree": "False",
            "parabenfree": "False",
            "claims": null,
            "alcoholfree": null,
            "anti-dandruff": null,
            "dermatologicallyapproved": null,
            "dermatologistrecommended": null,
            "dermatologisttested": null,
            "fragrance-free": null,
            "haircolour": null,
            "hairtype": null,
            "hypo-allergenic": null,
            "non-comedogenic": null,
            "oilfree": null,
            "ophthalmologistapproved": null,
            "ophthalmologisttested": null,
            "paba-free": null,
            "skincondition": null,
            "skintype": null,
            "soap-free": null,
            "spf": null,
            "sweatresistant": null,
            "timer": null,
            "waterresistant": null,
            "phbalanced": null,
            "antiseptic": "False",
            "antibacterial": "False",
            "activeconstituents": null,
            "contains": null,
            "microwavesafe": "False",
            "productimagecount": "3",
            "friendlydisclaimer": null,
            "productimages": "510891.jpg,510891_2.jpg,510891_6.jpg",
            "healthstarrating": "0",
            "tgawarnings": null,
            "vendorarticleid": null,
            "vendorcostprice": null,
            "tgawarning": null
          },
          "DetailsImagePaths": [
            "https://cdn0.woolworths.media/content/wowproductimages/large/510891.jpg"
          ],
          "Variety": "Fresh Berries & Wild Raspberry",
          "Rating": {
            "ReviewCount": 0,
            "RatingCount": 0,
            "RatingSum": 0,
            "OneStarCount": 0,
            "TwoStarCount": 0,
            "ThreeStarCount": 0,
            "FourStarCount": 0,
            "FiveStarCount": 0,
            "Average": 0,
            "OneStarPercentage": 0,
            "TwoStarPercentage": 0,
            "ThreeStarPercentage": 0,
            "FourStarPercentage": 0,
            "FiveStarPercentage": 0
          },
          "HasProductSubs": false,
          "IsSponsoredAd": false,
          "AdID": null,
          "AdIndex": null,
          "IsMarketProduct": false,
          "IsGiftable": false,
          "Vendor": null,
          "Untraceable": false,
          "ThirdPartyProductInfo": null,
          "MarketFeatures": null,
          "MarketSpecifications": null,
          "SupplyLimitSource": "ProductLimit",
          "Tags": null,
          "IsPersonalisedByPurchaseHistory": false,
          "IsFromFacetedSearch": false,
          "NextAvailabilityDate": "2022-01-26T00:00:00.0000000Z"
        }
      ],
      "Name": "Glade Candle Air Freshener Scented Fresh Berries & Wild Raspberry",
      "DisplayName": "Glade Candle Air Freshener Scented Fresh Berries & Wild Raspberry 96g"
    },
    {
      "Products": [
        {
          "TileID": 0,
          "Stockcode": 661262,
          "Barcode": "46500769597",
          "GtinFormat": 0,
          "CupPrice": 6,
          "InstoreCupPrice": 6,
          "CupMeasure": "1EA",
          "CupString": "$6.00 / 1EA",
          "InstoreCupString": "$6.00 / 1EA",
          "HasCupPrice": true,
          "InstoreHasCupPrice": true,
          "Price": 6,
          "InstorePrice": 6,
          "Name": "Glade Candle Air Freshener Sheer Vanilla Embrace",
          "DisplayName": "Glade Candle Air Freshener Sheer Vanilla Embrace 96g",
          "UrlFriendlyName": "glade-candle-air-freshener-sheer-vanilla-embrace",
          "Description": " Glade Candle Air Freshener<br>Sheer Vanilla... 96G",
          "SmallImageFile": "https://cdn0.woolworths.media/content/wowproductimages/small/661262.jpg",
          "MediumImageFile": "https://cdn0.woolworths.media/content/wowproductimages/medium/661262.jpg",
          "LargeImageFile": "https://cdn0.woolworths.media/content/wowproductimages/large/661262.jpg",
          "IsNew": false,
          "IsOnSpecial": false,
          "InstoreIsOnSpecial": false,
          "IsEdrSpecial": false,
          "SavingsAmount": 0,
          "InstoreSavingsAmount": 0,
          "WasPrice": 6,
          "InstoreWasPrice": 6,
          "QuantityInTrolley": 0,
          "Unit": "Each",
          "MinimumQuantity": 1,
          "HasBeenBoughtBefore": false,
          "IsInTrolley": false,
          "Source": "SpecialsGroup.Buy More Save More",
          "SupplyLimit": 36,
          "MaxSupplyLimitMessage": "36 item limit",
          "IsRanged": true,
          "IsInStock": true,
          "PackageSize": "96G",
          "IsPmDelivery": false,
          "IsForCollection": true,
          "IsForDelivery": true,
          "IsForExpress": true,
          "ProductRestrictionMessage": null,
          "ProductWarningMessage": null,
          "CentreTag": {
            "TagContent": "<span style=\"COLOR: #e00216\">Range was $6.99 12/01/2017</span>",
            "TagLink": null,
            "FallbackText": null,
            "TagType": "Html",
            "MultibuyData": null,
            "TagContentText": "Range was $6.99 12/01/2017",
            "DualImageTagContent": null
          },
          "IsCentreTag": true,
          "ImageTag": {
            "TagContent": null,
            "TagLink": null,
            "FallbackText": "",
            "TagType": "None",
            "MultibuyData": null,
            "TagContentText": null,
            "DualImageTagContent": null
          },
          "HeaderTag": {
            "BackgroundColor": "#fff",
            "BorderColor": "#c20016",
            "TextColor": "#c20016",
            "Content": "<span class=\"u-semibold\">Prices dropped</span>",
            "TagLink": null,
            "Promotion": "PriceDropped"
          },
          "HasHeaderTag": true,
          "UnitWeightInGrams": 0,
          "SupplyLimitMessage": "'Glade Candle Air Freshener Sheer Vanilla Embrace' has a supply limit of 36. The quantity in your cart has been reduced accordingly. To purchase a larger quantity, please contact us on 1800 000 610. Please note we do not supply trade orders.",
          "SmallFormatDescription": "Glade Candle Air Freshener Sheer Vanilla Embrace",
          "FullDescription": "Glade Candle Air Freshener Sheer Vanilla Embrace",
          "IsAvailable": true,
          "InstoreIsAvailable": true,
          "IsPurchasable": true,
          "InstoreIsPurchasable": true,
          "AgeRestricted": false,
          "DisplayQuantity": 1,
          "RichDescription": null,
          "IsDeliveryPass": false,
          "HideWasSavedPrice": false,
          "SapCategories": null,
          "Brand": "Glade",
          "IsRestrictedByDeliveryMethod": false,
          "FooterTag": {
            "TagContent": "Price Dropped",
            "TagLink": null,
            "FallbackText": null,
            "TagType": "Html",
            "MultibuyData": null,
            "TagContentText": null,
            "DualImageTagContent": null
          },
          "IsFooterEnabled": true,
          "Diagnostics": "102",
          "IsBundle": false,
          "IsInFamily": false,
          "ChildProducts": null,
          "UrlOverride": null,
          "AdditionalAttributes": {
            "sapdepartmentname": "GROCERIES",
            "sapdepartmentno": "5",
            "sapcategoryname": "CLEANSING",
            "sapcategoryno": "52",
            "sapsubcategoryname": "AIRCARE",
            "sapsubcategoryno": "206",
            "sapsegmentname": "CONT ACT INCENSE/BURNERS/CNDLS",
            "sapsegmentno": "15",
            "specialsgroupid": "3656",
            "PiesProductDepartmentNodeId": "1_2432B58",
            "PiesProductDepartmentsjson": "[{\"Id\":\"1_2432B58\",\"Description\":\"Household\"}]",
            "piesdepartmentnamesjson": "[\"Household\"]",
            "piescategorynamesjson": "[\"Homewares\",\"Cleaning Goods\"]",
            "piessubcategorynamesjson": "[\"Candles & Fragrances\",\"Air Fresheners\"]",
            "servingsize-total-nip": null,
            "servingsperpack-total-nip": null,
            "microwaveable": "False",
            "ovencook": "False",
            "vegetarian": "False",
            "freezable": "False",
            "containsnuts": "False",
            "containsgluten": "False",
            "description": "Glade Candle Sheer Vanilla Embrace<BR><BR>Enhance the atmosphere of any room with the comforting glow of candlelight and the scent of creamy vanilla and clean white woods.",
            "ingredients": "SCJ Formula # 35*31396",
            "nutritionalinformation": null,
            "storageinstructions": null,
            "usageinstructions": null,
            "brand": "glade",
            "manufacturer": null,
            "countryoforigin": null,
            "productheightmm": null,
            "productwidthmm": null,
            "productdepthmm": null,
            "wool_productpackaging": null,
            "recyclableinformation": null,
            "importantinformation": null,
            "allergencontains": null,
            "allergenmaybepresent": null,
            "allergystatement": null,
            "lifestyleanddietarystatement": null,
            "lifestyleclaim": null,
            "wool_dietaryclaim": null,
            "boxedcontents": null,
            "suitablefor": null,
            "fragrance": null,
            "colour": null,
            "antioxidant": "False",
            "addedvitaminsandminerals": "False",
            "bpafree": "False",
            "sulfatefree": "False",
            "parabenfree": "False",
            "claims": null,
            "alcoholfree": null,
            "anti-dandruff": null,
            "dermatologicallyapproved": null,
            "dermatologistrecommended": null,
            "dermatologisttested": null,
            "fragrance-free": null,
            "haircolour": null,
            "hairtype": null,
            "hypo-allergenic": null,
            "non-comedogenic": null,
            "oilfree": null,
            "ophthalmologistapproved": null,
            "ophthalmologisttested": null,
            "paba-free": null,
            "skincondition": null,
            "skintype": null,
            "soap-free": null,
            "spf": null,
            "sweatresistant": null,
            "timer": null,
            "waterresistant": null,
            "phbalanced": null,
            "antiseptic": "False",
            "antibacterial": "False",
            "activeconstituents": null,
            "contains": null,
            "microwavesafe": "False",
            "productimagecount": "1",
            "friendlydisclaimer": null,
            "productimages": "661262_3.jpg",
            "healthstarrating": "0",
            "tgawarnings": null,
            "vendorarticleid": null,
            "vendorcostprice": null,
            "tgawarning": null
          },
          "DetailsImagePaths": [
            "https://cdn0.woolworths.media/content/wowproductimages/large/661262.jpg"
          ],
          "Variety": "Vanilla Embrace",
          "Rating": {
            "ReviewCount": 0,
            "RatingCount": 0,
            "RatingSum": 0,
            "OneStarCount": 0,
            "TwoStarCount": 0,
            "ThreeStarCount": 0,
            "FourStarCount": 0,
            "FiveStarCount": 0,
            "Average": 0,
            "OneStarPercentage": 0,
            "TwoStarPercentage": 0,
            "ThreeStarPercentage": 0,
            "FourStarPercentage": 0,
            "FiveStarPercentage": 0
          },
          "HasProductSubs": false,
          "IsSponsoredAd": false,
          "AdID": null,
          "AdIndex": null,
          "IsMarketProduct": false,
          "IsGiftable": false,
          "Vendor": null,
          "Untraceable": false,
          "ThirdPartyProductInfo": null,
          "MarketFeatures": null,
          "MarketSpecifications": null,
          "SupplyLimitSource": "ProductLimit",
          "Tags": null,
          "IsPersonalisedByPurchaseHistory": false,
          "IsFromFacetedSearch": false,
          "NextAvailabilityDate": "2022-01-26T00:00:00.0000000Z"
        }
      ],
      "Name": "Glade Candle Air Freshener Sheer Vanilla Embrace",
      "DisplayName": "Glade Candle Air Freshener Sheer Vanilla Embrace 96g"
    },
    {
      "Products": [
        {
          "TileID": 0,
          "Stockcode": 510884,
          "Barcode": "46500769467",
          "GtinFormat": 0,
          "CupPrice": 6.23,
          "InstoreCupPrice": 6.23,
          "CupMeasure": "100G",
          "CupString": "$6.23 / 100G",
          "InstoreCupString": "$6.23 / 100G",
          "HasCupPrice": true,
          "InstoreHasCupPrice": true,
          "Price": 6,
          "InstorePrice": 6,
          "Name": "Glade Candle Air Freshener Vanilla Passionfruit & Hawaiian Breeze",
          "DisplayName": "Glade Candle Air Freshener Vanilla Passionfruit & Hawaiian Breeze 96g",
          "UrlFriendlyName": "glade-candle-air-freshener-vanilla-passionfruit-hawaiian-breeze",
          "Description": " Glade Candle Air Freshener<br>Vanilla Passionfruit... 96G",
          "SmallImageFile": "https://cdn0.woolworths.media/content/wowproductimages/small/510884.jpg",
          "MediumImageFile": "https://cdn0.woolworths.media/content/wowproductimages/medium/510884.jpg",
          "LargeImageFile": "https://cdn0.woolworths.media/content/wowproductimages/large/510884.jpg",
          "IsNew": false,
          "IsOnSpecial": false,
          "InstoreIsOnSpecial": false,
          "IsEdrSpecial": false,
          "SavingsAmount": 0,
          "InstoreSavingsAmount": 0,
          "WasPrice": 6,
          "InstoreWasPrice": 6,
          "QuantityInTrolley": 0,
          "Unit": "Each",
          "MinimumQuantity": 1,
          "HasBeenBoughtBefore": false,
          "IsInTrolley": false,
          "Source": "SpecialsGroup.Buy More Save More",
          "SupplyLimit": 36,
          "MaxSupplyLimitMessage": "36 item limit",
          "IsRanged": true,
          "IsInStock": true,
          "PackageSize": "96G",
          "IsPmDelivery": false,
          "IsForCollection": true,
          "IsForDelivery": true,
          "IsForExpress": true,
          "ProductRestrictionMessage": null,
          "ProductWarningMessage": null,
          "CentreTag": {
            "TagContent": "<span style=\"COLOR: #e00216\">Range was $6.99 12/01/2017</span>",
            "TagLink": null,
            "FallbackText": null,
            "TagType": "Html",
            "MultibuyData": null,
            "TagContentText": "Range was $6.99 12/01/2017",
            "DualImageTagContent": null
          },
          "IsCentreTag": true,
          "ImageTag": {
            "TagContent": null,
            "TagLink": null,
            "FallbackText": "",
            "TagType": "None",
            "MultibuyData": null,
            "TagContentText": null,
            "DualImageTagContent": null
          },
          "HeaderTag": {
            "BackgroundColor": "#fff",
            "BorderColor": "#c20016",
            "TextColor": "#c20016",
            "Content": "<span class=\"u-semibold\">Prices dropped</span>",
            "TagLink": null,
            "Promotion": "PriceDropped"
          },
          "HasHeaderTag": true,
          "UnitWeightInGrams": 0,
          "SupplyLimitMessage": "'Glade Candle Air Freshener Vanilla Passionfruit & Hawaiian Breeze' has a supply limit of 36. The quantity in your cart has been reduced accordingly. To purchase a larger quantity, please contact us on 1800 000 610. Please note we do not supply trade orders.",
          "SmallFormatDescription": "Glade Candle Air Freshener Vanilla Passionfruit & Hawaiian Breeze",
          "FullDescription": "Glade Candle Air Freshener Vanilla Passionfruit & Hawaiian Breeze",
          "IsAvailable": true,
          "InstoreIsAvailable": true,
          "IsPurchasable": true,
          "InstoreIsPurchasable": true,
          "AgeRestricted": false,
          "DisplayQuantity": 1,
          "RichDescription": null,
          "IsDeliveryPass": false,
          "HideWasSavedPrice": false,
          "SapCategories": null,
          "Brand": "Glade",
          "IsRestrictedByDeliveryMethod": false,
          "FooterTag": {
            "TagContent": "Price Dropped",
            "TagLink": null,
            "FallbackText": null,
            "TagType": "Html",
            "MultibuyData": null,
            "TagContentText": null,
            "DualImageTagContent": null
          },
          "IsFooterEnabled": true,
          "Diagnostics": "103",
          "IsBundle": false,
          "IsInFamily": false,
          "ChildProducts": null,
          "UrlOverride": null,
          "AdditionalAttributes": {
            "sapdepartmentname": "GROCERIES",
            "sapdepartmentno": "5",
            "sapcategoryname": "CLEANSING",
            "sapcategoryno": "52",
            "sapsubcategoryname": "AIRCARE",
            "sapsubcategoryno": "206",
            "sapsegmentname": "CONT ACT INCENSE/BURNERS/CNDLS",
            "sapsegmentno": "15",
            "specialsgroupid": "3656",
            "PiesProductDepartmentNodeId": "1_2432B58",
            "PiesProductDepartmentsjson": "[{\"Id\":\"1_2432B58\",\"Description\":\"Household\"}]",
            "piesdepartmentnamesjson": "[\"Household\"]",
            "piescategorynamesjson": "[\"Homewares\",\"Cleaning Goods\"]",
            "piessubcategorynamesjson": "[\"Candles & Fragrances\",\"Air Fresheners\"]",
            "servingsize-total-nip": null,
            "servingsperpack-total-nip": null,
            "microwaveable": "False",
            "ovencook": "False",
            "vegetarian": "False",
            "freezable": "False",
            "containsnuts": "False",
            "containsgluten": "False",
            "description": "<p>Two fantastic fragrances make for a one-of-a-kind experience with Glade 2 in 1 Scented Candles.<BR><BR>Relax as a unique blend of two amazing scents quickly fills the room, forming a unique fusion of fragrance for your home with Glade enhanced scented candles.<br /><br />With up to 28 hours of burn time, you will enjoy your formulated fragrance infused with essential oils for longer. In fact, for long lasting impact, Glade 2 in 1 candles fragrance nicely lingers after the candle is blown out.<br /><br />The candle's pretty glass container is designed to quickly fill the room with fragrance. Available in a wide variety of scents, including seasonal and limited edition fragrances you will fill your home with consistent fragrance experience from beginning to end. <br /><br />Discover the joy of fragrance, fresh from Glade.<BR><BR>Unique Blend of 2 Amazing Scents<BR><BR>Up to 28 Hours Burn Time<BR><BR>Quickly Fill a Room with Fragrance.</p>",
            "ingredients": "SCJ Formula# 35*23274",
            "nutritionalinformation": null,
            "storageinstructions": null,
            "usageinstructions": null,
            "brand": "glade",
            "manufacturer": null,
            "countryoforigin": null,
            "productheightmm": null,
            "productwidthmm": null,
            "productdepthmm": null,
            "wool_productpackaging": null,
            "recyclableinformation": null,
            "importantinformation": null,
            "allergencontains": null,
            "allergenmaybepresent": null,
            "allergystatement": null,
            "lifestyleanddietarystatement": null,
            "lifestyleclaim": null,
            "wool_dietaryclaim": null,
            "boxedcontents": null,
            "suitablefor": null,
            "fragrance": null,
            "colour": null,
            "antioxidant": "False",
            "addedvitaminsandminerals": "False",
            "bpafree": "False",
            "sulfatefree": "False",
            "parabenfree": "False",
            "claims": null,
            "alcoholfree": null,
            "anti-dandruff": null,
            "dermatologicallyapproved": null,
            "dermatologistrecommended": null,
            "dermatologisttested": null,
            "fragrance-free": null,
            "haircolour": null,
            "hairtype": null,
            "hypo-allergenic": null,
            "non-comedogenic": null,
            "oilfree": null,
            "ophthalmologistapproved": null,
            "ophthalmologisttested": null,
            "paba-free": null,
            "skincondition": null,
            "skintype": null,
            "soap-free": null,
            "spf": null,
            "sweatresistant": null,
            "timer": null,
            "waterresistant": null,
            "phbalanced": null,
            "antiseptic": "False",
            "antibacterial": "False",
            "activeconstituents": null,
            "contains": null,
            "microwavesafe": "False",
            "productimagecount": "3",
            "friendlydisclaimer": null,
            "productimages": "510884.jpg,510884_2.jpg,510884_6.jpg",
            "healthstarrating": "0",
            "tgawarnings": null,
            "vendorarticleid": null,
            "vendorcostprice": null,
            "tgawarning": null
          },
          "DetailsImagePaths": [
            "https://cdn0.woolworths.media/content/wowproductimages/large/510884.jpg"
          ],
          "Variety": "Passionfruit & Hawaiian Breeze",
          "Rating": {
            "ReviewCount": 0,
            "RatingCount": 0,
            "RatingSum": 0,
            "OneStarCount": 0,
            "TwoStarCount": 0,
            "ThreeStarCount": 0,
            "FourStarCount": 0,
            "FiveStarCount": 0,
            "Average": 0,
            "OneStarPercentage": 0,
            "TwoStarPercentage": 0,
            "ThreeStarPercentage": 0,
            "FourStarPercentage": 0,
            "FiveStarPercentage": 0
          },
          "HasProductSubs": false,
          "IsSponsoredAd": false,
          "AdID": null,
          "AdIndex": null,
          "IsMarketProduct": false,
          "IsGiftable": false,
          "Vendor": null,
          "Untraceable": false,
          "ThirdPartyProductInfo": null,
          "MarketFeatures": null,
          "MarketSpecifications": null,
          "SupplyLimitSource": "ProductLimit",
          "Tags": null,
          "IsPersonalisedByPurchaseHistory": false,
          "IsFromFacetedSearch": false,
          "NextAvailabilityDate": "2022-01-26T00:00:00.0000000Z"
        }
      ],
      "Name": "Glade Candle Air Freshener Vanilla Passionfruit & Hawaiian Breeze",
      "DisplayName": "Glade Candle Air Freshener Vanilla Passionfruit & Hawaiian Breeze 96g"
    },
    {
      "Products": [
        {
          "TileID": 0,
          "Stockcode": 510837,
          "Barcode": "46500769504",
          "GtinFormat": 0,
          "CupPrice": 6,
          "InstoreCupPrice": 6,
          "CupMeasure": "1EA",
          "CupString": "$6.00 / 1EA",
          "InstoreCupString": "$6.00 / 1EA",
          "HasCupPrice": true,
          "InstoreHasCupPrice": true,
          "Price": 6,
          "InstorePrice": 6,
          "Name": "Glade Candle Angel Whispers Angel Whispers",
          "DisplayName": "Glade Candle Angel Whispers Angel Whispers 96g",
          "UrlFriendlyName": "glade-candle-angel-whispers-angel-whispers",
          "Description": " Glade Candle Angel Whispers<br>Angel Whispers 96G",
          "SmallImageFile": "https://cdn0.woolworths.media/content/wowproductimages/small/510837.jpg",
          "MediumImageFile": "https://cdn0.woolworths.media/content/wowproductimages/medium/510837.jpg",
          "LargeImageFile": "https://cdn0.woolworths.media/content/wowproductimages/large/510837.jpg",
          "IsNew": false,
          "IsOnSpecial": false,
          "InstoreIsOnSpecial": false,
          "IsEdrSpecial": false,
          "SavingsAmount": 0,
          "InstoreSavingsAmount": 0,
          "WasPrice": 6,
          "InstoreWasPrice": 6,
          "QuantityInTrolley": 0,
          "Unit": "Each",
          "MinimumQuantity": 1,
          "HasBeenBoughtBefore": false,
          "IsInTrolley": false,
          "Source": "SpecialsGroup.Buy More Save More",
          "SupplyLimit": 36,
          "MaxSupplyLimitMessage": "36 item limit",
          "IsRanged": true,
          "IsInStock": true,
          "PackageSize": "96G",
          "IsPmDelivery": false,
          "IsForCollection": true,
          "IsForDelivery": true,
          "IsForExpress": true,
          "ProductRestrictionMessage": null,
          "ProductWarningMessage": null,
          "CentreTag": {
            "TagContent": "<span style=\"COLOR: #e00216\">Range was $6.99 12/01/2017</span>",
            "TagLink": null,
            "FallbackText": null,
            "TagType": "Html",
            "MultibuyData": null,
            "TagContentText": "Range was $6.99 12/01/2017",
            "DualImageTagContent": null
          },
          "IsCentreTag": true,
          "ImageTag": {
            "TagContent": null,
            "TagLink": null,
            "FallbackText": "",
            "TagType": "None",
            "MultibuyData": null,
            "TagContentText": null,
            "DualImageTagContent": null
          },
          "HeaderTag": {
            "BackgroundColor": "#fff",
            "BorderColor": "#c20016",
            "TextColor": "#c20016",
            "Content": "<span class=\"u-semibold\">Prices dropped</span>",
            "TagLink": null,
            "Promotion": "PriceDropped"
          },
          "HasHeaderTag": true,
          "UnitWeightInGrams": 0,
          "SupplyLimitMessage": "'Glade Candle Angel Whispers Angel Whispers' has a supply limit of 36. The quantity in your cart has been reduced accordingly. To purchase a larger quantity, please contact us on 1800 000 610. Please note we do not supply trade orders.",
          "SmallFormatDescription": "Glade Candle Angel Whispers Angel Whispers",
          "FullDescription": "Glade Candle Angel Whispers Angel Whispers",
          "IsAvailable": true,
          "InstoreIsAvailable": true,
          "IsPurchasable": true,
          "InstoreIsPurchasable": true,
          "AgeRestricted": false,
          "DisplayQuantity": 1,
          "RichDescription": null,
          "IsDeliveryPass": false,
          "HideWasSavedPrice": false,
          "SapCategories": null,
          "Brand": "Glade",
          "IsRestrictedByDeliveryMethod": false,
          "FooterTag": {
            "TagContent": "Price Dropped",
            "TagLink": null,
            "FallbackText": null,
            "TagType": "Html",
            "MultibuyData": null,
            "TagContentText": null,
            "DualImageTagContent": null
          },
          "IsFooterEnabled": true,
          "Diagnostics": "104",
          "IsBundle": false,
          "IsInFamily": false,
          "ChildProducts": null,
          "UrlOverride": null,
          "AdditionalAttributes": {
            "sapdepartmentname": "GROCERIES",
            "sapdepartmentno": "5",
            "sapcategoryname": "CLEANSING",
            "sapcategoryno": "52",
            "sapsubcategoryname": "AIRCARE",
            "sapsubcategoryno": "206",
            "sapsegmentname": "CONT ACT INCENSE/BURNERS/CNDLS",
            "sapsegmentno": "15",
            "specialsgroupid": "3656",
            "PiesProductDepartmentNodeId": "1_2432B58",
            "PiesProductDepartmentsjson": "[{\"Id\":\"1_2432B58\",\"Description\":\"Household\"}]",
            "piesdepartmentnamesjson": "[\"Household\"]",
            "piescategorynamesjson": "[\"Homewares\",\"Cleaning Goods\"]",
            "piessubcategorynamesjson": "[\"Candles & Fragrances\",\"Air Fresheners\"]",
            "servingsize-total-nip": null,
            "servingsperpack-total-nip": null,
            "microwaveable": "False",
            "ovencook": "False",
            "vegetarian": "False",
            "freezable": "False",
            "containsnuts": "False",
            "containsgluten": "False",
            "description": "Awaken your senses and energize the atmosphere of any room with the superior glow of Glade Scented Candle light.<BR><BR>Glade Scented Candle quickly fills your home with masterfully crafted fragrances infused with essential oils. <br /><br />Formulated with a specialty wax, Glade Angel Whispers Candle delivers a consistent fragrance experience from beginning to end. Our jar candles come in a wide variety of carefully crafted fragrances, including seasonal and limited editions.<br /><br />Discover the joy of fragrance, fresh from Glade.<BR><BR>Energize the atmosphere of any room<BR><BR>Fragrances infused with essential oils.<BR><BR>Delivers a consistent fragrance experience from beginning to end.",
            "ingredients": "SCJ Formula# 35*23264",
            "nutritionalinformation": null,
            "storageinstructions": null,
            "usageinstructions": null,
            "brand": "glade",
            "manufacturer": null,
            "countryoforigin": null,
            "productheightmm": null,
            "productwidthmm": null,
            "productdepthmm": null,
            "wool_productpackaging": null,
            "recyclableinformation": null,
            "importantinformation": null,
            "allergencontains": null,
            "allergenmaybepresent": null,
            "allergystatement": null,
            "lifestyleanddietarystatement": null,
            "lifestyleclaim": null,
            "wool_dietaryclaim": null,
            "boxedcontents": null,
            "suitablefor": null,
            "fragrance": null,
            "colour": null,
            "antioxidant": "False",
            "addedvitaminsandminerals": "False",
            "bpafree": "False",
            "sulfatefree": "False",
            "parabenfree": "False",
            "claims": null,
            "alcoholfree": null,
            "anti-dandruff": null,
            "dermatologicallyapproved": null,
            "dermatologistrecommended": null,
            "dermatologisttested": null,
            "fragrance-free": null,
            "haircolour": null,
            "hairtype": null,
            "hypo-allergenic": null,
            "non-comedogenic": null,
            "oilfree": null,
            "ophthalmologistapproved": null,
            "ophthalmologisttested": null,
            "paba-free": null,
            "skincondition": null,
            "skintype": null,
            "soap-free": null,
            "spf": null,
            "sweatresistant": null,
            "timer": null,
            "waterresistant": null,
            "phbalanced": null,
            "antiseptic": "False",
            "antibacterial": "False",
            "activeconstituents": null,
            "contains": null,
            "microwavesafe": "False",
            "productimagecount": "3",
            "friendlydisclaimer": null,
            "productimages": "510837.jpg,510837_2.jpg,510837_6.jpg",
            "healthstarrating": "0",
            "tgawarnings": null,
            "vendorarticleid": null,
            "vendorcostprice": null,
            "tgawarning": null
          },
          "DetailsImagePaths": [
            "https://cdn0.woolworths.media/content/wowproductimages/large/510837.jpg"
          ],
          "Variety": "Angel Whispers",
          "Rating": {
            "ReviewCount": 0,
            "RatingCount": 0,
            "RatingSum": 0,
            "OneStarCount": 0,
            "TwoStarCount": 0,
            "ThreeStarCount": 0,
            "FourStarCount": 0,
            "FiveStarCount": 0,
            "Average": 0,
            "OneStarPercentage": 0,
            "TwoStarPercentage": 0,
            "ThreeStarPercentage": 0,
            "FourStarPercentage": 0,
            "FiveStarPercentage": 0
          },
          "HasProductSubs": false,
          "IsSponsoredAd": false,
          "AdID": null,
          "AdIndex": null,
          "IsMarketProduct": false,
          "IsGiftable": false,
          "Vendor": null,
          "Untraceable": false,
          "ThirdPartyProductInfo": null,
          "MarketFeatures": null,
          "MarketSpecifications": null,
          "SupplyLimitSource": "ProductLimit",
          "Tags": null,
          "IsPersonalisedByPurchaseHistory": false,
          "IsFromFacetedSearch": false,
          "NextAvailabilityDate": "2022-01-26T00:00:00.0000000Z"
        }
      ],
      "Name": "Glade Candle Angel Whispers Angel Whispers",
      "DisplayName": "Glade Candle Angel Whispers Angel Whispers 96g"
    },
    {
      "Products": [
        {
          "TileID": 0,
          "Stockcode": 333358,
          "Barcode": "9310179191197",
          "GtinFormat": 13,
          "CupPrice": 4.44,
          "InstoreCupPrice": 4.44,
          "CupMeasure": "1KG",
          "CupString": "$4.44 / 1KG",
          "InstoreCupString": "$4.44 / 1KG",
          "HasCupPrice": true,
          "InstoreHasCupPrice": true,
          "Price": 2,
          "InstorePrice": 2,
          "Name": "Golden Circle Canned Vegetables Diced Beetroot Cans",
          "DisplayName": "Golden Circle Canned Vegetables Diced Beetroot Cans 450g",
          "UrlFriendlyName": "golden-circle-canned-vegetables-diced-beetroot-cans",
          "Description": " Golden Circle Canned<br>Vegetables Diced... 450G",
          "SmallImageFile": "https://cdn0.woolworths.media/content/wowproductimages/small/333358.jpg",
          "MediumImageFile": "https://cdn0.woolworths.media/content/wowproductimages/medium/333358.jpg",
          "LargeImageFile": "https://cdn0.woolworths.media/content/wowproductimages/large/333358.jpg",
          "IsNew": false,
          "IsOnSpecial": false,
          "InstoreIsOnSpecial": false,
          "IsEdrSpecial": false,
          "SavingsAmount": 0,
          "InstoreSavingsAmount": 0,
          "WasPrice": 2,
          "InstoreWasPrice": 2,
          "QuantityInTrolley": 0,
          "Unit": "Each",
          "MinimumQuantity": 1,
          "HasBeenBoughtBefore": false,
          "IsInTrolley": false,
          "Source": "SpecialsGroup.Buy More Save More",
          "SupplyLimit": 36,
          "MaxSupplyLimitMessage": "36 item limit",
          "IsRanged": true,
          "IsInStock": true,
          "PackageSize": "450G",
          "IsPmDelivery": false,
          "IsForCollection": true,
          "IsForDelivery": true,
          "IsForExpress": true,
          "ProductRestrictionMessage": null,
          "ProductWarningMessage": null,
          "CentreTag": {
            "TagContent": null,
            "TagLink": null,
            "FallbackText": null,
            "TagType": "None",
            "MultibuyData": null,
            "TagContentText": null,
            "DualImageTagContent": null
          },
          "IsCentreTag": false,
          "ImageTag": {
            "TagContent": null,
            "TagLink": null,
            "FallbackText": "",
            "TagType": "None",
            "MultibuyData": null,
            "TagContentText": null,
            "DualImageTagContent": null
          },
          "HeaderTag": null,
          "HasHeaderTag": false,
          "UnitWeightInGrams": 0,
          "SupplyLimitMessage": "'Golden Circle Canned Vegetables Diced Beetroot Cans' has a supply limit of 36. The quantity in your cart has been reduced accordingly. To purchase a larger quantity, please contact us on 1800 000 610. Please note we do not supply trade orders.",
          "SmallFormatDescription": "Golden Circle Canned Vegetables Diced Beetroot Cans",
          "FullDescription": "Golden Circle Canned Vegetables Diced Beetroot Cans",
          "IsAvailable": true,
          "InstoreIsAvailable": true,
          "IsPurchasable": true,
          "InstoreIsPurchasable": true,
          "AgeRestricted": false,
          "DisplayQuantity": 1,
          "RichDescription": null,
          "IsDeliveryPass": false,
          "HideWasSavedPrice": false,
          "SapCategories": null,
          "Brand": "Golden Circle",
          "IsRestrictedByDeliveryMethod": false,
          "FooterTag": {
            "TagContent": null,
            "TagLink": null,
            "FallbackText": null,
            "TagType": "None",
            "MultibuyData": null,
            "TagContentText": null,
            "DualImageTagContent": null
          },
          "IsFooterEnabled": false,
          "Diagnostics": "105",
          "IsBundle": false,
          "IsInFamily": false,
          "ChildProducts": null,
          "UrlOverride": null,
          "AdditionalAttributes": {
            "sapdepartmentname": "GROCERIES",
            "sapdepartmentno": "5",
            "sapcategoryname": "CANNED VEGETABLES",
            "sapcategoryno": "71",
            "sapsubcategoryname": "CANNED VEGETABLES",
            "sapsubcategoryno": "827",
            "sapsegmentname": "BEETROOT",
            "sapsegmentno": "9",
            "specialsgroupid": "3656",
            "PiesProductDepartmentNodeId": "1_39FD49C",
            "PiesProductDepartmentsjson": "[{\"Id\":\"1_39FD49C\",\"Description\":\"Pantry\"}]",
            "piesdepartmentnamesjson": "[\"Pantry\"]",
            "piescategorynamesjson": "[\"Canned Food & Instant Meals\"]",
            "piessubcategorynamesjson": "[\"Canned Beans & Legumes\",\"Canned Vegetables\"]",
            "servingsize-total-nip": null,
            "servingsperpack-total-nip": null,
            "microwaveable": "False",
            "ovencook": "False",
            "vegetarian": "False",
            "freezable": "False",
            "containsnuts": "False",
            "containsgluten": "False",
            "description": "With Golden Circle® Diced Beetroot, the recipe possibilities are endless. These beetroot pieces are perfect for winter salads, relishes, pasta dishes and vegetable tarts.<BR><BR>Naturally low in fat (when drained) and packaged with no added colours, Golden Circle® Diced Beetroot brings plenty of flavour to a variety of dishes. There are three vegie serves per can*. Try blending into a colourful dip or purée, adding to a roasted vegetable salad or served warm with fish or meat. Golden Circle®, Share the Sunshine.<BR><BR>No added colours<BR><BR>3 vegie serves per can (One serve of vegetables = 75g. Aim for a variety or vegetables each day.)<BR><BR>Beetroot is naturally low in fat (when drained)<BR><BR>Small beetroot pieces<BR><BR>Can also be added to pasta for a unique flavour",
            "ingredients": "Beetroot (61%), Water, Sugar, Food Acid (Acetic Acid), Salt, Herb & Spice Flavours.",
            "nutritionalinformation": "{\"Name\":\"Nutritional Information\",\"Attributes\":[{\"Id\":705,\"Name\":\"Carbohydrate Quantity Per 100g - Total - NIP\",\"Value\":\"9.9g\",\"Description\":\"Carbohydrate Quantity Per 100g - Total - NIP\",\"SortOrder\":83},{\"Id\":706,\"Name\":\"Carbohydrate Quantity Per Serve - Total - NIP\",\"Value\":\"7.4g\",\"Description\":\"Carbohydrate Quantity Per Serve - Total - NIP\",\"SortOrder\":87},{\"Id\":191,\"Name\":\"Dietary Fibre Quantity Per 100g - Total - NIP\",\"Value\":\"2.3g\",\"Description\":\"Dietary Fibre Quantity Per 100g - Total - NIP\",\"SortOrder\":175},{\"Id\":120,\"Name\":\"Dietary Fibre Quantity Per Serve - Total - NIP\",\"Value\":\"1.7g\",\"Description\":\"Dietary Fibre Quantity Per Serve - Total - NIP\",\"SortOrder\":179},{\"Id\":759,\"Name\":\"Energy kJ Quantity Per 100g - Total - NIP\",\"Value\":\"205kJ\",\"Description\":\"Energy kJ Quantity Per 100g - Total - NIP\",\"SortOrder\":239},{\"Id\":760,\"Name\":\"Energy kJ Quantity Per Serve - Total - NIP\",\"Value\":\"155kJ\",\"Description\":\"Energy kJ Quantity Per Serve - Total - NIP\",\"SortOrder\":243},{\"Id\":253,\"Name\":\"Fat Saturated Quantity Per 100g - Total - NIP\",\"Value\":\"0g\",\"Description\":\"Fat Saturated Quantity Per 100g - Total - NIP\",\"SortOrder\":251},{\"Id\":258,\"Name\":\"Fat Saturated Quantity Per Serve - Total - NIP\",\"Value\":\"0g\",\"Description\":\"Fat Saturated Quantity Per Serve - Total - NIP\",\"SortOrder\":255},{\"Id\":764,\"Name\":\"Fat Total Quantity Per 100g - Total - NIP\",\"Value\":\"0.1g\",\"Description\":\"Fat Total Quantity Per 100g - Total - NIP\",\"SortOrder\":263},{\"Id\":264,\"Name\":\"Fat Total Quantity Per Serve - Total - NIP\",\"Value\":\"0.1g\",\"Description\":\"Fat Total Quantity Per Serve - Total - NIP\",\"SortOrder\":267},{\"Id\":878,\"Name\":\"Protein Quantity Per 100g - Total - NIP\",\"Value\":\"1.0g\",\"Description\":\"Protein Quantity Per 100g - Total - NIP\",\"SortOrder\":587},{\"Id\":882,\"Name\":\"Protein Quantity Per Serve - Total - NIP\",\"Value\":\"0.8g\",\"Description\":\"Protein Quantity Per Serve - Total - NIP\",\"SortOrder\":591},{\"Id\":477,\"Name\":\"Serving Size - Total - NIP\",\"Value\":\"75g\",\"Description\":\"Serving Size - Total - NIP\",\"SortOrder\":607},{\"Id\":544,\"Name\":\"Servings Per Pack - Total - NIP\",\"Value\":\"3\",\"Description\":\"Servings Per Pack - Total - NIP\",\"SortOrder\":611},{\"Id\":491,\"Name\":\"Sodium Quantity Per 100g - Total - NIP\",\"Value\":\"210mg\",\"Description\":\"Sodium Quantity Per 100g - Total - NIP\",\"SortOrder\":623},{\"Id\":495,\"Name\":\"Sodium Quantity Per Serve - Total - NIP\",\"Value\":\"160mg\",\"Description\":\"Sodium Quantity Per Serve - Total - NIP\",\"SortOrder\":627},{\"Id\":907,\"Name\":\"Sugars Quantity Per 100g - Prefix - NIP\",\"Value\":\"\",\"Description\":\"Sugars Quantity Per 100g - Prefix - NIP\",\"SortOrder\":645},{\"Id\":908,\"Name\":\"Sugars Quantity Per 100g - SuffixUnits - NIP\",\"Value\":\"g\",\"Description\":\"Sugars Quantity Per 100g - SuffixUnits - NIP\",\"SortOrder\":646},{\"Id\":909,\"Name\":\"Sugars Quantity Per 100g - Total - NIP\",\"Value\":\"9.1g\",\"Description\":\"Sugars Quantity Per 100g - Total - NIP\",\"SortOrder\":647},{\"Id\":910,\"Name\":\"Sugars Quantity Per 100g - ValueWord - NIP\",\"Value\":\"9.1\",\"Description\":\"Sugars Quantity Per 100g - ValueWord - NIP\",\"SortOrder\":648},{\"Id\":504,\"Name\":\"Sugars Quantity Per Serve - Prefix - NIP\",\"Value\":\"\",\"Description\":\"Sugars Quantity Per Serve - Prefix - NIP\",\"SortOrder\":649},{\"Id\":911,\"Name\":\"Sugars Quantity Per Serve - SuffixUnits - NIP\",\"Value\":\"g\",\"Description\":\"Sugars Quantity Per Serve - SuffixUnits - NIP\",\"SortOrder\":650},{\"Id\":912,\"Name\":\"Sugars Quantity Per Serve - Total - NIP\",\"Value\":\"6.8g\",\"Description\":\"Sugars Quantity Per Serve - Total - NIP\",\"SortOrder\":651},{\"Id\":572,\"Name\":\"Sugars Quantity Per Serve - ValueWord - NIP\",\"Value\":\"6.8\",\"Description\":\"Sugars Quantity Per Serve - ValueWord - NIP\",\"SortOrder\":652}]}",
            "storageinstructions": "Refrigerate unused contents in a sealed non-metallic container and consume within 7 days.",
            "usageinstructions": null,
            "brand": "golden circle",
            "manufacturer": null,
            "countryoforigin": null,
            "productheightmm": null,
            "productwidthmm": null,
            "productdepthmm": null,
            "wool_productpackaging": null,
            "recyclableinformation": null,
            "importantinformation": null,
            "allergencontains": null,
            "allergenmaybepresent": null,
            "allergystatement": "Lupin Free",
            "lifestyleanddietarystatement": "Low Fat",
            "lifestyleclaim": null,
            "wool_dietaryclaim": "No Added Colours",
            "boxedcontents": null,
            "suitablefor": null,
            "fragrance": null,
            "colour": null,
            "antioxidant": "False",
            "addedvitaminsandminerals": "False",
            "bpafree": "False",
            "sulfatefree": "False",
            "parabenfree": "False",
            "claims": null,
            "alcoholfree": null,
            "anti-dandruff": null,
            "dermatologicallyapproved": null,
            "dermatologistrecommended": null,
            "dermatologisttested": null,
            "fragrance-free": null,
            "haircolour": null,
            "hairtype": null,
            "hypo-allergenic": null,
            "non-comedogenic": null,
            "oilfree": null,
            "ophthalmologistapproved": null,
            "ophthalmologisttested": null,
            "paba-free": null,
            "skincondition": null,
            "skintype": null,
            "soap-free": null,
            "spf": null,
            "sweatresistant": null,
            "timer": null,
            "waterresistant": null,
            "phbalanced": null,
            "antiseptic": "False",
            "antibacterial": "False",
            "activeconstituents": null,
            "contains": null,
            "microwavesafe": "False",
            "productimagecount": "6",
            "friendlydisclaimer": null,
            "productimages": "333358.jpg,333358_2.jpg,333358_3.jpg,333358_7.jpg,333358_8.jpg,333358_9.jpg",
            "healthstarrating": "0",
            "tgawarnings": null,
            "vendorarticleid": null,
            "vendorcostprice": null,
            "tgawarning": null
          },
          "DetailsImagePaths": [
            "https://cdn0.woolworths.media/content/wowproductimages/large/333358.jpg"
          ],
          "Variety": "Diced Beetroot Cans",
          "Rating": {
            "ReviewCount": 0,
            "RatingCount": 0,
            "RatingSum": 0,
            "OneStarCount": 0,
            "TwoStarCount": 0,
            "ThreeStarCount": 0,
            "FourStarCount": 0,
            "FiveStarCount": 0,
            "Average": 0,
            "OneStarPercentage": 0,
            "TwoStarPercentage": 0,
            "ThreeStarPercentage": 0,
            "FourStarPercentage": 0,
            "FiveStarPercentage": 0
          },
          "HasProductSubs": false,
          "IsSponsoredAd": false,
          "AdID": null,
          "AdIndex": null,
          "IsMarketProduct": false,
          "IsGiftable": false,
          "Vendor": null,
          "Untraceable": false,
          "ThirdPartyProductInfo": null,
          "MarketFeatures": null,
          "MarketSpecifications": null,
          "SupplyLimitSource": "ProductLimit",
          "Tags": null,
          "IsPersonalisedByPurchaseHistory": false,
          "IsFromFacetedSearch": false,
          "NextAvailabilityDate": "2022-01-26T00:00:00.0000000Z"
        }
      ],
      "Name": "Golden Circle Canned Vegetables Diced Beetroot Cans",
      "DisplayName": "Golden Circle Canned Vegetables Diced Beetroot Cans 450g"
    },
    {
      "Products": [
        {
          "TileID": 0,
          "Stockcode": 48688,
          "Barcode": "93243186",
          "GtinFormat": 8,
          "CupPrice": 66.67,
          "InstoreCupPrice": 66.67,
          "CupMeasure": "1KG",
          "CupString": "$66.67 / 1KG",
          "InstoreCupString": "$66.67 / 1KG",
          "HasCupPrice": true,
          "InstoreHasCupPrice": true,
          "Price": 1,
          "InstorePrice": 1,
          "Name": "Hans Pepperoni Hot Rocket",
          "DisplayName": "Hans Pepperoni Hot Rocket 15g",
          "UrlFriendlyName": "hans-pepperoni-hot-rocket",
          "Description": " Hans Pepperoni Hot Rocket 15G",
          "SmallImageFile": "https://cdn0.woolworths.media/content/wowproductimages/small/048688.jpg",
          "MediumImageFile": "https://cdn0.woolworths.media/content/wowproductimages/medium/048688.jpg",
          "LargeImageFile": "https://cdn0.woolworths.media/content/wowproductimages/large/048688.jpg",
          "IsNew": false,
          "IsOnSpecial": false,
          "InstoreIsOnSpecial": false,
          "IsEdrSpecial": false,
          "SavingsAmount": 0,
          "InstoreSavingsAmount": 0,
          "WasPrice": 1,
          "InstoreWasPrice": 1,
          "QuantityInTrolley": 0,
          "Unit": "Each",
          "MinimumQuantity": 1,
          "HasBeenBoughtBefore": false,
          "IsInTrolley": false,
          "Source": "SpecialsGroup.Buy More Save More",
          "SupplyLimit": 36,
          "MaxSupplyLimitMessage": "36 item limit",
          "IsRanged": true,
          "IsInStock": true,
          "PackageSize": "15G",
          "IsPmDelivery": true,
          "IsForCollection": true,
          "IsForDelivery": true,
          "IsForExpress": true,
          "ProductRestrictionMessage": null,
          "ProductWarningMessage": null,
          "CentreTag": {
            "TagContent": null,
            "TagLink": null,
            "FallbackText": null,
            "TagType": "None",
            "MultibuyData": null,
            "TagContentText": null,
            "DualImageTagContent": null
          },
          "IsCentreTag": false,
          "ImageTag": {
            "TagContent": null,
            "TagLink": null,
            "FallbackText": "",
            "TagType": "None",
            "MultibuyData": null,
            "TagContentText": null,
            "DualImageTagContent": null
          },
          "HeaderTag": null,
          "HasHeaderTag": false,
          "UnitWeightInGrams": 0,
          "SupplyLimitMessage": "'Hans Pepperoni Hot Rocket' has a supply limit of 36. The quantity in your cart has been reduced accordingly. To purchase a larger quantity, please contact us on 1800 000 610. Please note we do not supply trade orders.",
          "SmallFormatDescription": "Hans Pepperoni Hot Rocket",
          "FullDescription": "Hans Pepperoni Hot Rocket",
          "IsAvailable": true,
          "InstoreIsAvailable": true,
          "IsPurchasable": true,
          "InstoreIsPurchasable": true,
          "AgeRestricted": false,
          "DisplayQuantity": 1,
          "RichDescription": null,
          "IsDeliveryPass": false,
          "HideWasSavedPrice": false,
          "SapCategories": null,
          "Brand": "Hans",
          "IsRestrictedByDeliveryMethod": false,
          "FooterTag": {
            "TagContent": null,
            "TagLink": null,
            "FallbackText": null,
            "TagType": "None",
            "MultibuyData": null,
            "TagContentText": null,
            "DualImageTagContent": null
          },
          "IsFooterEnabled": true,
          "Diagnostics": "106",
          "IsBundle": false,
          "IsInFamily": false,
          "ChildProducts": null,
          "UrlOverride": null,
          "AdditionalAttributes": {
            "sapdepartmentname": "FRESH CONVENIENCE",
            "sapdepartmentno": "10",
            "sapcategoryname": "DELI CONVENIENCE",
            "sapcategoryno": "2",
            "sapsubcategoryname": "DELI PREPACK SMALLGOODS",
            "sapsubcategoryno": "233",
            "sapsegmentname": "SALAMI MEATS PRE-PACK",
            "sapsegmentno": "6",
            "specialsgroupid": "3656",
            "PiesProductDepartmentNodeId": "1_D5A2236",
            "PiesProductDepartmentsjson": "[{\"Id\":\"1_D5A2236\",\"Description\":\"Meat, Seafood & Deli\"}]",
            "piesdepartmentnamesjson": "[\"Meat, Seafood & Deli\"]",
            "piescategorynamesjson": "[\"Deli Meats\"]",
            "piessubcategorynamesjson": "[\"Salami\"]",
            "servingsize-total-nip": null,
            "servingsperpack-total-nip": null,
            "microwaveable": "False",
            "ovencook": "False",
            "vegetarian": "False",
            "freezable": "False",
            "containsnuts": "False",
            "containsgluten": "False",
            "description": "Hans Striker Peperoni Hot Rockets are gluten free salami sticks with no artificial colours or flavours.<p>Hans Striker Pepperoni Hot Rockets are naturally wood smoked.",
            "ingredients": null,
            "nutritionalinformation": "{\"Name\":\"Nutritional Information\",\"Attributes\":[{\"Id\":705,\"Name\":\"Carbohydrate Quantity Per 100g - Total - NIP\",\"Value\":\"1.6g\",\"Description\":\"Carbohydrate Quantity Per 100g - Total - NIP\",\"SortOrder\":83},{\"Id\":759,\"Name\":\"Energy kJ Quantity Per 100g - Total - NIP\",\"Value\":\"1774kJ\",\"Description\":\"Energy kJ Quantity Per 100g - Total - NIP\",\"SortOrder\":239},{\"Id\":253,\"Name\":\"Fat Saturated Quantity Per 100g - Total - NIP\",\"Value\":\"13.38g\",\"Description\":\"Fat Saturated Quantity Per 100g - Total - NIP\",\"SortOrder\":251},{\"Id\":764,\"Name\":\"Fat Total Quantity Per 100g - Total - NIP\",\"Value\":\"36.1g\",\"Description\":\"Fat Total Quantity Per 100g - Total - NIP\",\"SortOrder\":263},{\"Id\":878,\"Name\":\"Protein Quantity Per 100g - Total - NIP\",\"Value\":\"23.5g\",\"Description\":\"Protein Quantity Per 100g - Total - NIP\",\"SortOrder\":587},{\"Id\":477,\"Name\":\"Serving Size - Total - NIP\",\"Value\":\"15g\",\"Description\":\"Serving Size - Total - NIP\",\"SortOrder\":607},{\"Id\":544,\"Name\":\"Servings Per Pack - Total - NIP\",\"Value\":\"1\",\"Description\":\"Servings Per Pack - Total - NIP\",\"SortOrder\":611},{\"Id\":491,\"Name\":\"Sodium Quantity Per 100g - Total - NIP\",\"Value\":\"1400mg\",\"Description\":\"Sodium Quantity Per 100g - Total - NIP\",\"SortOrder\":623},{\"Id\":908,\"Name\":\"Sugars Quantity Per 100g - SuffixUnits - NIP\",\"Value\":\"g\",\"Description\":\"Sugars Quantity Per 100g - SuffixUnits - NIP\",\"SortOrder\":646},{\"Id\":909,\"Name\":\"Sugars Quantity Per 100g - Total - NIP\",\"Value\":\"0.8g\",\"Description\":\"Sugars Quantity Per 100g - Total - NIP\",\"SortOrder\":647},{\"Id\":910,\"Name\":\"Sugars Quantity Per 100g - ValueWord - NIP\",\"Value\":\"0.8\",\"Description\":\"Sugars Quantity Per 100g - ValueWord - NIP\",\"SortOrder\":648}]}",
            "storageinstructions": null,
            "usageinstructions": null,
            "brand": "hans",
            "manufacturer": null,
            "countryoforigin": null,
            "productheightmm": null,
            "productwidthmm": null,
            "productdepthmm": null,
            "wool_productpackaging": null,
            "recyclableinformation": null,
            "importantinformation": null,
            "allergencontains": null,
            "allergenmaybepresent": null,
            "allergystatement": "No Artificial Colours or Flavours",
            "lifestyleanddietarystatement": "Gluten Free",
            "lifestyleclaim": null,
            "wool_dietaryclaim": null,
            "boxedcontents": null,
            "suitablefor": null,
            "fragrance": null,
            "colour": null,
            "antioxidant": "False",
            "addedvitaminsandminerals": "False",
            "bpafree": "False",
            "sulfatefree": "False",
            "parabenfree": "False",
            "claims": null,
            "alcoholfree": null,
            "anti-dandruff": null,
            "dermatologicallyapproved": null,
            "dermatologistrecommended": null,
            "dermatologisttested": null,
            "fragrance-free": null,
            "haircolour": null,
            "hairtype": null,
            "hypo-allergenic": null,
            "non-comedogenic": null,
            "oilfree": null,
            "ophthalmologistapproved": null,
            "ophthalmologisttested": null,
            "paba-free": null,
            "skincondition": null,
            "skintype": null,
            "soap-free": null,
            "spf": null,
            "sweatresistant": null,
            "timer": null,
            "waterresistant": null,
            "phbalanced": null,
            "antiseptic": "False",
            "antibacterial": "False",
            "activeconstituents": null,
            "contains": null,
            "microwavesafe": "False",
            "productimagecount": "2",
            "friendlydisclaimer": null,
            "productimages": "48688.jpg,48688_2.jpg",
            "healthstarrating": "0",
            "tgawarnings": null,
            "vendorarticleid": null,
            "vendorcostprice": null,
            "tgawarning": null
          },
          "DetailsImagePaths": [
            "https://cdn0.woolworths.media/content/wowproductimages/large/048688.jpg"
          ],
          "Variety": "Hot Rocket",
          "Rating": {
            "ReviewCount": 0,
            "RatingCount": 0,
            "RatingSum": 0,
            "OneStarCount": 0,
            "TwoStarCount": 0,
            "ThreeStarCount": 0,
            "FourStarCount": 0,
            "FiveStarCount": 0,
            "Average": 0,
            "OneStarPercentage": 0,
            "TwoStarPercentage": 0,
            "ThreeStarPercentage": 0,
            "FourStarPercentage": 0,
            "FiveStarPercentage": 0
          },
          "HasProductSubs": false,
          "IsSponsoredAd": false,
          "AdID": null,
          "AdIndex": null,
          "IsMarketProduct": false,
          "IsGiftable": false,
          "Vendor": null,
          "Untraceable": false,
          "ThirdPartyProductInfo": null,
          "MarketFeatures": null,
          "MarketSpecifications": null,
          "SupplyLimitSource": "ProductLimit",
          "Tags": null,
          "IsPersonalisedByPurchaseHistory": false,
          "IsFromFacetedSearch": false,
          "NextAvailabilityDate": "2022-01-26T00:00:00.0000000Z"
        }
      ],
      "Name": "Hans Pepperoni Hot Rocket",
      "DisplayName": "Hans Pepperoni Hot Rocket 15g"
    },
    {
      "Products": [
        {
          "TileID": 0,
          "Stockcode": 47666,
          "Barcode": "93224376",
          "GtinFormat": 8,
          "CupPrice": 66.67,
          "InstoreCupPrice": 66.67,
          "CupMeasure": "1KG",
          "CupString": "$66.67 / 1KG",
          "InstoreCupString": "$66.67 / 1KG",
          "HasCupPrice": true,
          "InstoreHasCupPrice": true,
          "Price": 1,
          "InstorePrice": 1,
          "Name": "Hans Salami Sticks",
          "DisplayName": "Hans Salami Sticks 15g",
          "UrlFriendlyName": "hans-salami-sticks",
          "Description": " Hans Salami Sticks 15G",
          "SmallImageFile": "https://cdn0.woolworths.media/content/wowproductimages/small/047666.jpg",
          "MediumImageFile": "https://cdn0.woolworths.media/content/wowproductimages/medium/047666.jpg",
          "LargeImageFile": "https://cdn0.woolworths.media/content/wowproductimages/large/047666.jpg",
          "IsNew": false,
          "IsOnSpecial": false,
          "InstoreIsOnSpecial": false,
          "IsEdrSpecial": false,
          "SavingsAmount": 0,
          "InstoreSavingsAmount": 0,
          "WasPrice": 1,
          "InstoreWasPrice": 1,
          "QuantityInTrolley": 0,
          "Unit": "Each",
          "MinimumQuantity": 1,
          "HasBeenBoughtBefore": false,
          "IsInTrolley": false,
          "Source": "SpecialsGroup.Buy More Save More",
          "SupplyLimit": 36,
          "MaxSupplyLimitMessage": "36 item limit",
          "IsRanged": true,
          "IsInStock": true,
          "PackageSize": "15G",
          "IsPmDelivery": true,
          "IsForCollection": true,
          "IsForDelivery": true,
          "IsForExpress": true,
          "ProductRestrictionMessage": null,
          "ProductWarningMessage": null,
          "CentreTag": {
            "TagContent": null,
            "TagLink": null,
            "FallbackText": null,
            "TagType": "None",
            "MultibuyData": null,
            "TagContentText": null,
            "DualImageTagContent": null
          },
          "IsCentreTag": false,
          "ImageTag": {
            "TagContent": null,
            "TagLink": null,
            "FallbackText": "",
            "TagType": "None",
            "MultibuyData": null,
            "TagContentText": null,
            "DualImageTagContent": null
          },
          "HeaderTag": null,
          "HasHeaderTag": false,
          "UnitWeightInGrams": 0,
          "SupplyLimitMessage": "'Hans Salami Sticks' has a supply limit of 36. The quantity in your cart has been reduced accordingly. To purchase a larger quantity, please contact us on 1800 000 610. Please note we do not supply trade orders.",
          "SmallFormatDescription": "Hans Salami Sticks",
          "FullDescription": "Hans Salami Sticks",
          "IsAvailable": true,
          "InstoreIsAvailable": true,
          "IsPurchasable": true,
          "InstoreIsPurchasable": true,
          "AgeRestricted": false,
          "DisplayQuantity": 1,
          "RichDescription": null,
          "IsDeliveryPass": false,
          "HideWasSavedPrice": false,
          "SapCategories": null,
          "Brand": "Hans",
          "IsRestrictedByDeliveryMethod": false,
          "FooterTag": {
            "TagContent": null,
            "TagLink": null,
            "FallbackText": null,
            "TagType": "None",
            "MultibuyData": null,
            "TagContentText": null,
            "DualImageTagContent": null
          },
          "IsFooterEnabled": true,
          "Diagnostics": "107",
          "IsBundle": false,
          "IsInFamily": false,
          "ChildProducts": null,
          "UrlOverride": null,
          "AdditionalAttributes": {
            "sapdepartmentname": "FRESH CONVENIENCE",
            "sapdepartmentno": "10",
            "sapcategoryname": "DELI CONVENIENCE",
            "sapcategoryno": "2",
            "sapsubcategoryname": "DELI PREPACK SMALLGOODS",
            "sapsubcategoryno": "233",
            "sapsegmentname": "SALAMI MEATS PRE-PACK",
            "sapsegmentno": "6",
            "specialsgroupid": "3656",
            "PiesProductDepartmentNodeId": "1_D5A2236",
            "PiesProductDepartmentsjson": "[{\"Id\":\"1_D5A2236\",\"Description\":\"Meat, Seafood & Deli\"}]",
            "piesdepartmentnamesjson": "[\"Meat, Seafood & Deli\"]",
            "piescategorynamesjson": "[\"Deli Meats\"]",
            "piessubcategorynamesjson": "[\"Salami\"]",
            "servingsize-total-nip": null,
            "servingsperpack-total-nip": null,
            "microwaveable": "False",
            "ovencook": "False",
            "vegetarian": "False",
            "freezable": "False",
            "containsnuts": "False",
            "containsgluten": "False",
            "description": "Hans Striker Mild Salami is gluten free with no artificial colours or flavours.<p>Hand Striker Mild Salami is naturally wood smoked.",
            "ingredients": null,
            "nutritionalinformation": "{\"Name\":\"Nutritional Information\",\"Attributes\":[{\"Id\":705,\"Name\":\"Carbohydrate Quantity Per 100g - Total - NIP\",\"Value\":\"1.3g\",\"Description\":\"Carbohydrate Quantity Per 100g - Total - NIP\",\"SortOrder\":83},{\"Id\":706,\"Name\":\"Carbohydrate Quantity Per Serve - Total - NIP\",\"Value\":\"0.2g\",\"Description\":\"Carbohydrate Quantity Per Serve - Total - NIP\",\"SortOrder\":87},{\"Id\":759,\"Name\":\"Energy kJ Quantity Per 100g - Total - NIP\",\"Value\":\"1797kJ\",\"Description\":\"Energy kJ Quantity Per 100g - Total - NIP\",\"SortOrder\":239},{\"Id\":760,\"Name\":\"Energy kJ Quantity Per Serve - Total - NIP\",\"Value\":\"269.55kJ\",\"Description\":\"Energy kJ Quantity Per Serve - Total - NIP\",\"SortOrder\":243},{\"Id\":253,\"Name\":\"Fat Saturated Quantity Per 100g - Total - NIP\",\"Value\":\"1.9g\",\"Description\":\"Fat Saturated Quantity Per 100g - Total - NIP\",\"SortOrder\":251},{\"Id\":258,\"Name\":\"Fat Saturated Quantity Per Serve - Total - NIP\",\"Value\":\"1.9g\",\"Description\":\"Fat Saturated Quantity Per Serve - Total - NIP\",\"SortOrder\":255},{\"Id\":764,\"Name\":\"Fat Total Quantity Per 100g - Total - NIP\",\"Value\":\"37.6g\",\"Description\":\"Fat Total Quantity Per 100g - Total - NIP\",\"SortOrder\":263},{\"Id\":264,\"Name\":\"Fat Total Quantity Per Serve - Total - NIP\",\"Value\":\"5.64g\",\"Description\":\"Fat Total Quantity Per Serve - Total - NIP\",\"SortOrder\":267},{\"Id\":878,\"Name\":\"Protein Quantity Per 100g - Total - NIP\",\"Value\":\"21.7g\",\"Description\":\"Protein Quantity Per 100g - Total - NIP\",\"SortOrder\":587},{\"Id\":882,\"Name\":\"Protein Quantity Per Serve - Total - NIP\",\"Value\":\"3.26g\",\"Description\":\"Protein Quantity Per Serve - Total - NIP\",\"SortOrder\":591},{\"Id\":477,\"Name\":\"Serving Size - Total - NIP\",\"Value\":\"15g\",\"Description\":\"Serving Size - Total - NIP\",\"SortOrder\":607},{\"Id\":544,\"Name\":\"Servings Per Pack - Total - NIP\",\"Value\":\"1\",\"Description\":\"Servings Per Pack - Total - NIP\",\"SortOrder\":611},{\"Id\":491,\"Name\":\"Sodium Quantity Per 100g - Total - NIP\",\"Value\":\"1482mg\",\"Description\":\"Sodium Quantity Per 100g - Total - NIP\",\"SortOrder\":623},{\"Id\":495,\"Name\":\"Sodium Quantity Per Serve - Total - NIP\",\"Value\":\"222.3mg\",\"Description\":\"Sodium Quantity Per Serve - Total - NIP\",\"SortOrder\":627},{\"Id\":908,\"Name\":\"Sugars Quantity Per 100g - SuffixUnits - NIP\",\"Value\":\"g\",\"Description\":\"Sugars Quantity Per 100g - SuffixUnits - NIP\",\"SortOrder\":646},{\"Id\":909,\"Name\":\"Sugars Quantity Per 100g - Total - NIP\",\"Value\":\"0.6g\",\"Description\":\"Sugars Quantity Per 100g - Total - NIP\",\"SortOrder\":647},{\"Id\":910,\"Name\":\"Sugars Quantity Per 100g - ValueWord - NIP\",\"Value\":\"0.6\",\"Description\":\"Sugars Quantity Per 100g - ValueWord - NIP\",\"SortOrder\":648},{\"Id\":911,\"Name\":\"Sugars Quantity Per Serve - SuffixUnits - NIP\",\"Value\":\"g\",\"Description\":\"Sugars Quantity Per Serve - SuffixUnits - NIP\",\"SortOrder\":650},{\"Id\":912,\"Name\":\"Sugars Quantity Per Serve - Total - NIP\",\"Value\":\"0.09g\",\"Description\":\"Sugars Quantity Per Serve - Total - NIP\",\"SortOrder\":651},{\"Id\":572,\"Name\":\"Sugars Quantity Per Serve - ValueWord - NIP\",\"Value\":\"0.09\",\"Description\":\"Sugars Quantity Per Serve - ValueWord - NIP\",\"SortOrder\":652}]}",
            "storageinstructions": null,
            "usageinstructions": null,
            "brand": "hans",
            "manufacturer": null,
            "countryoforigin": null,
            "productheightmm": null,
            "productwidthmm": null,
            "productdepthmm": null,
            "wool_productpackaging": null,
            "recyclableinformation": null,
            "importantinformation": null,
            "allergencontains": null,
            "allergenmaybepresent": null,
            "allergystatement": "No Artificial Colours or Flavours",
            "lifestyleanddietarystatement": "Gluten Free",
            "lifestyleclaim": null,
            "wool_dietaryclaim": null,
            "boxedcontents": null,
            "suitablefor": null,
            "fragrance": null,
            "colour": null,
            "antioxidant": "False",
            "addedvitaminsandminerals": "False",
            "bpafree": "False",
            "sulfatefree": "False",
            "parabenfree": "False",
            "claims": null,
            "alcoholfree": null,
            "anti-dandruff": null,
            "dermatologicallyapproved": null,
            "dermatologistrecommended": null,
            "dermatologisttested": null,
            "fragrance-free": null,
            "haircolour": null,
            "hairtype": null,
            "hypo-allergenic": null,
            "non-comedogenic": null,
            "oilfree": null,
            "ophthalmologistapproved": null,
            "ophthalmologisttested": null,
            "paba-free": null,
            "skincondition": null,
            "skintype": null,
            "soap-free": null,
            "spf": null,
            "sweatresistant": null,
            "timer": null,
            "waterresistant": null,
            "phbalanced": null,
            "antiseptic": "False",
            "antibacterial": "False",
            "activeconstituents": null,
            "contains": null,
            "microwavesafe": "False",
            "productimagecount": "2",
            "friendlydisclaimer": null,
            "productimages": "47666.jpg,47666_2.jpg",
            "healthstarrating": "0",
            "tgawarnings": null,
            "vendorarticleid": null,
            "vendorcostprice": null,
            "tgawarning": null
          },
          "DetailsImagePaths": [
            "https://cdn0.woolworths.media/content/wowproductimages/large/047666.jpg"
          ],
          "Variety": "Sticks",
          "Rating": {
            "ReviewCount": 0,
            "RatingCount": 0,
            "RatingSum": 0,
            "OneStarCount": 0,
            "TwoStarCount": 0,
            "ThreeStarCount": 0,
            "FourStarCount": 0,
            "FiveStarCount": 0,
            "Average": 0,
            "OneStarPercentage": 0,
            "TwoStarPercentage": 0,
            "ThreeStarPercentage": 0,
            "FourStarPercentage": 0,
            "FiveStarPercentage": 0
          },
          "HasProductSubs": false,
          "IsSponsoredAd": false,
          "AdID": null,
          "AdIndex": null,
          "IsMarketProduct": false,
          "IsGiftable": false,
          "Vendor": null,
          "Untraceable": false,
          "ThirdPartyProductInfo": null,
          "MarketFeatures": null,
          "MarketSpecifications": null,
          "SupplyLimitSource": "ProductLimit",
          "Tags": null,
          "IsPersonalisedByPurchaseHistory": false,
          "IsFromFacetedSearch": false,
          "NextAvailabilityDate": "2022-01-26T00:00:00.0000000Z"
        }
      ],
      "Name": "Hans Salami Sticks",
      "DisplayName": "Hans Salami Sticks 15g"
    }
  ],
  "TotalRecordCount": 230,
  "UpperDynamicContent": null,
  "LowerDynamicContent": null,
  "RichRelevancePlacement": {
    "placement_name": null,
    "message": null,
    "Products": [],
    "Items": [],
    "StockcodesForDiscover": []
  },
  "Aggregations": [
    {
      "Name": "Brand",
      "DisplayName": "Brand",
      "Type": "Multi",
      "FilterType": "Term",
      "FilterDataType": "String",
      "Results": null,
      "ResultsGrouped": [
        {
          "Alphabet": "0-9",
          "Filters": [
            {
              "Name": "20th Century Fox",
              "Term": "20th Century Fox",
              "ExtraOutputFields": {},
              "Min": null,
              "Max": null,
              "Applied": false,
              "Count": 1,
              "Statement": null,
              "DisplayCoachMarks": false
            }
          ]
        },
        {
          "Alphabet": "A",
          "Filters": []
        },
        {
          "Alphabet": "B",
          "Filters": []
        },
        {
          "Alphabet": "C",
          "Filters": [
            {
              "Name": "Calbee",
              "Term": "Calbee",
              "ExtraOutputFields": {},
              "Min": null,
              "Max": null,
              "Applied": false,
              "Count": 2,
              "Statement": null,
              "DisplayCoachMarks": false
            },
            {
              "Name": "CC's",
              "Term": "CC's",
              "ExtraOutputFields": {},
              "Min": null,
              "Max": null,
              "Applied": false,
              "Count": 1,
              "Statement": null,
              "DisplayCoachMarks": false
            },
            {
              "Name": "Cheetos",
              "Term": "Cheetos",
              "ExtraOutputFields": {},
              "Min": null,
              "Max": null,
              "Applied": false,
              "Count": 1,
              "Statement": null,
              "DisplayCoachMarks": false
            },
            {
              "Name": "Chickadees",
              "Term": "Chickadees",
              "ExtraOutputFields": {},
              "Min": null,
              "Max": null,
              "Applied": false,
              "Count": 1,
              "Statement": null,
              "DisplayCoachMarks": false
            },
            {
              "Name": "Chris'",
              "Term": "Chris'",
              "ExtraOutputFields": {},
              "Min": null,
              "Max": null,
              "Applied": false,
              "Count": 1,
              "Statement": null,
              "DisplayCoachMarks": false
            },
            {
              "Name": "Cobs",
              "Term": "Cobs",
              "ExtraOutputFields": {},
              "Min": null,
              "Max": null,
              "Applied": false,
              "Count": 9,
              "Statement": null,
              "DisplayCoachMarks": false
            },
            {
              "Name": "Comfort",
              "Term": "Comfort",
              "ExtraOutputFields": {},
              "Min": null,
              "Max": null,
              "Applied": false,
              "Count": 1,
              "Statement": null,
              "DisplayCoachMarks": false
            },
            {
              "Name": "Continental",
              "Term": "Continental",
              "ExtraOutputFields": {},
              "Min": null,
              "Max": null,
              "Applied": false,
              "Count": 10,
              "Statement": null,
              "DisplayCoachMarks": false
            }
          ]
        },
        {
          "Alphabet": "D",
          "Filters": [
            {
              "Name": "Dettol",
              "Term": "Dettol",
              "ExtraOutputFields": {},
              "Min": null,
              "Max": null,
              "Applied": false,
              "Count": 2,
              "Statement": null,
              "DisplayCoachMarks": false
            },
            {
              "Name": "Dine",
              "Term": "Dine",
              "ExtraOutputFields": {},
              "Min": null,
              "Max": null,
              "Applied": false,
              "Count": 3,
              "Statement": null,
              "DisplayCoachMarks": false
            },
            {
              "Name": "Doritos",
              "Term": "Doritos",
              "ExtraOutputFields": {},
              "Min": null,
              "Max": null,
              "Applied": false,
              "Count": 1,
              "Statement": null,
              "DisplayCoachMarks": false
            },
            {
              "Name": "DVD",
              "Term": "DVD",
              "ExtraOutputFields": {},
              "Min": null,
              "Max": null,
              "Applied": false,
              "Count": 3,
              "Statement": null,
              "DisplayCoachMarks": false
            }
          ]
        },
        {
          "Alphabet": "E",
          "Filters": []
        },
        {
          "Alphabet": "F",
          "Filters": [
            {
              "Name": "Famous Soda Co",
              "Term": "Famous Soda Co",
              "ExtraOutputFields": {},
              "Min": null,
              "Max": null,
              "Applied": false,
              "Count": 2,
              "Statement": null,
              "DisplayCoachMarks": false
            },
            {
              "Name": "Fancy Feast",
              "Term": "Fancy Feast",
              "ExtraOutputFields": {},
              "Min": null,
              "Max": null,
              "Applied": false,
              "Count": 14,
              "Statement": null,
              "DisplayCoachMarks": false
            },
            {
              "Name": "French Fries",
              "Term": "French Fries",
              "ExtraOutputFields": {},
              "Min": null,
              "Max": null,
              "Applied": false,
              "Count": 1,
              "Statement": null,
              "DisplayCoachMarks": false
            },
            {
              "Name": "Freshwater Farm Australia",
              "Term": "Freshwater Farm Australia",
              "ExtraOutputFields": {},
              "Min": null,
              "Max": null,
              "Applied": false,
              "Count": 5,
              "Statement": null,
              "DisplayCoachMarks": false
            },
            {
              "Name": "Fussy Cat",
              "Term": "Fussy Cat",
              "ExtraOutputFields": {},
              "Min": null,
              "Max": null,
              "Applied": false,
              "Count": 6,
              "Statement": null,
              "DisplayCoachMarks": false
            }
          ]
        },
        {
          "Alphabet": "G",
          "Filters": [
            {
              "Name": "Glade",
              "Term": "Glade",
              "ExtraOutputFields": {},
              "Min": null,
              "Max": null,
              "Applied": false,
              "Count": 5,
              "Statement": null,
              "DisplayCoachMarks": false
            },
            {
              "Name": "Golden Circle",
              "Term": "Golden Circle",
              "ExtraOutputFields": {},
              "Min": null,
              "Max": null,
              "Applied": false,
              "Count": 1,
              "Statement": null,
              "DisplayCoachMarks": false
            }
          ]
        },
        {
          "Alphabet": "H",
          "Filters": [
            {
              "Name": "Hans",
              "Term": "Hans",
              "ExtraOutputFields": {},
              "Min": null,
              "Max": null,
              "Applied": false,
              "Count": 2,
              "Statement": null,
              "DisplayCoachMarks": false
            }
          ]
        },
        {
          "Alphabet": "I",
          "Filters": [
            {
              "Name": "Infuzions",
              "Term": "Infuzions",
              "ExtraOutputFields": {},
              "Min": null,
              "Max": null,
              "Applied": false,
              "Count": 1,
              "Statement": null,
              "DisplayCoachMarks": false
            },
            {
              "Name": "Ingham's",
              "Term": "Ingham's",
              "ExtraOutputFields": {},
              "Min": null,
              "Max": null,
              "Applied": false,
              "Count": 2,
              "Statement": null,
              "DisplayCoachMarks": false
            }
          ]
        },
        {
          "Alphabet": "J",
          "Filters": [
            {
              "Name": "Jumpy's",
              "Term": "Jumpy's",
              "ExtraOutputFields": {},
              "Min": null,
              "Max": null,
              "Applied": false,
              "Count": 1,
              "Statement": null,
              "DisplayCoachMarks": false
            }
          ]
        },
        {
          "Alphabet": "K",
          "Filters": []
        },
        {
          "Alphabet": "L",
          "Filters": [
            {
              "Name": "Lipton",
              "Term": "Lipton",
              "ExtraOutputFields": {},
              "Min": null,
              "Max": null,
              "Applied": false,
              "Count": 7,
              "Statement": null,
              "DisplayCoachMarks": false
            }
          ]
        },
        {
          "Alphabet": "M",
          "Filters": [
            {
              "Name": "Maggi",
              "Term": "Maggi",
              "ExtraOutputFields": {},
              "Min": null,
              "Max": null,
              "Applied": false,
              "Count": 18,
              "Statement": null,
              "DisplayCoachMarks": false
            },
            {
              "Name": "MasterFoods",
              "Term": "MasterFoods",
              "ExtraOutputFields": {},
              "Min": null,
              "Max": null,
              "Applied": false,
              "Count": 28,
              "Statement": null,
              "DisplayCoachMarks": false
            },
            {
              "Name": "McCain",
              "Term": "McCain",
              "ExtraOutputFields": {},
              "Min": null,
              "Max": null,
              "Applied": false,
              "Count": 2,
              "Statement": null,
              "DisplayCoachMarks": false
            },
            {
              "Name": "Mersey Valley",
              "Term": "Mersey Valley",
              "ExtraOutputFields": {},
              "Min": null,
              "Max": null,
              "Applied": false,
              "Count": 1,
              "Statement": null,
              "DisplayCoachMarks": false
            },
            {
              "Name": "Mil Lel",
              "Term": "Mil Lel",
              "ExtraOutputFields": {},
              "Min": null,
              "Max": null,
              "Applied": false,
              "Count": 1,
              "Statement": null,
              "DisplayCoachMarks": false
            }
          ]
        },
        {
          "Alphabet": "N",
          "Filters": []
        },
        {
          "Alphabet": "O",
          "Filters": [
            {
              "Name": "Omo",
              "Term": "Omo",
              "ExtraOutputFields": {},
              "Min": null,
              "Max": null,
              "Applied": false,
              "Count": 2,
              "Statement": null,
              "DisplayCoachMarks": false
            },
            {
              "Name": "Open Paddock",
              "Term": "Open Paddock",
              "ExtraOutputFields": {},
              "Min": null,
              "Max": null,
              "Applied": false,
              "Count": 3,
              "Statement": null,
              "DisplayCoachMarks": false
            },
            {
              "Name": "Ozquatic",
              "Term": "Ozquatic",
              "ExtraOutputFields": {},
              "Min": null,
              "Max": null,
              "Applied": false,
              "Count": 1,
              "Statement": null,
              "DisplayCoachMarks": false
            }
          ]
        },
        {
          "Alphabet": "P",
          "Filters": [
            {
              "Name": "Palmolive",
              "Term": "Palmolive",
              "ExtraOutputFields": {},
              "Min": null,
              "Max": null,
              "Applied": false,
              "Count": 4,
              "Statement": null,
              "DisplayCoachMarks": false
            },
            {
              "Name": "Parker's",
              "Term": "Parker's",
              "ExtraOutputFields": {},
              "Min": null,
              "Max": null,
              "Applied": false,
              "Count": 2,
              "Statement": null,
              "DisplayCoachMarks": false
            },
            {
              "Name": "Perfect World Pictures",
              "Term": "Perfect World Pictures",
              "ExtraOutputFields": {},
              "Min": null,
              "Max": null,
              "Applied": false,
              "Count": 1,
              "Statement": null,
              "DisplayCoachMarks": false
            },
            {
              "Name": "Primo",
              "Term": "Primo",
              "ExtraOutputFields": {},
              "Min": null,
              "Max": null,
              "Applied": false,
              "Count": 12,
              "Statement": null,
              "DisplayCoachMarks": false
            },
            {
              "Name": "Pringles",
              "Term": "Pringles",
              "ExtraOutputFields": {},
              "Min": null,
              "Max": null,
              "Applied": false,
              "Count": 3,
              "Statement": null,
              "DisplayCoachMarks": false
            },
            {
              "Name": "Purina",
              "Term": "Purina",
              "ExtraOutputFields": {},
              "Min": null,
              "Max": null,
              "Applied": false,
              "Count": 3,
              "Statement": null,
              "DisplayCoachMarks": false
            }
          ]
        },
        {
          "Alphabet": "Q",
          "Filters": []
        },
        {
          "Alphabet": "R",
          "Filters": [
            {
              "Name": "Rafferty's Garden",
              "Term": "Rafferty's Garden",
              "ExtraOutputFields": {},
              "Min": null,
              "Max": null,
              "Applied": false,
              "Count": 11,
              "Statement": null,
              "DisplayCoachMarks": false
            },
            {
              "Name": "Red Bull",
              "Term": "Red Bull",
              "ExtraOutputFields": {},
              "Min": null,
              "Max": null,
              "Applied": false,
              "Count": 2,
              "Statement": null,
              "DisplayCoachMarks": false
            },
            {
              "Name": "Red Rock Deli",
              "Term": "Red Rock Deli",
              "ExtraOutputFields": {},
              "Min": null,
              "Max": null,
              "Applied": false,
              "Count": 6,
              "Statement": null,
              "DisplayCoachMarks": false
            }
          ]
        },
        {
          "Alphabet": "S",
          "Filters": [
            {
              "Name": "Smith's",
              "Term": "Smith's",
              "ExtraOutputFields": {},
              "Min": null,
              "Max": null,
              "Applied": false,
              "Count": 4,
              "Statement": null,
              "DisplayCoachMarks": false
            },
            {
              "Name": "Sony",
              "Term": "Sony",
              "ExtraOutputFields": {},
              "Min": null,
              "Max": null,
              "Applied": false,
              "Count": 1,
              "Statement": null,
              "DisplayCoachMarks": false
            },
            {
              "Name": "South Cape",
              "Term": "South Cape",
              "ExtraOutputFields": {},
              "Min": null,
              "Max": null,
              "Applied": false,
              "Count": 2,
              "Statement": null,
              "DisplayCoachMarks": false
            },
            {
              "Name": "Sunbites",
              "Term": "Sunbites",
              "ExtraOutputFields": {},
              "Min": null,
              "Max": null,
              "Applied": false,
              "Count": 1,
              "Statement": null,
              "DisplayCoachMarks": false
            },
            {
              "Name": "Sunraysia",
              "Term": "Sunraysia",
              "ExtraOutputFields": {},
              "Min": null,
              "Max": null,
              "Applied": false,
              "Count": 5,
              "Statement": null,
              "DisplayCoachMarks": false
            }
          ]
        },
        {
          "Alphabet": "T",
          "Filters": [
            {
              "Name": "Thins",
              "Term": "Thins",
              "ExtraOutputFields": {},
              "Min": null,
              "Max": null,
              "Applied": false,
              "Count": 1,
              "Statement": null,
              "DisplayCoachMarks": false
            },
            {
              "Name": "Twisties",
              "Term": "Twisties",
              "ExtraOutputFields": {},
              "Min": null,
              "Max": null,
              "Applied": false,
              "Count": 1,
              "Statement": null,
              "DisplayCoachMarks": false
            }
          ]
        },
        {
          "Alphabet": "U",
          "Filters": []
        },
        {
          "Alphabet": "V",
          "Filters": [
            {
              "Name": "Voeu",
              "Term": "Voeu",
              "ExtraOutputFields": {},
              "Min": null,
              "Max": null,
              "Applied": false,
              "Count": 2,
              "Statement": null,
              "DisplayCoachMarks": false
            }
          ]
        },
        {
          "Alphabet": "W",
          "Filters": [
            {
              "Name": "Woolworths",
              "Term": "Woolworths",
              "ExtraOutputFields": {},
              "Min": null,
              "Max": null,
              "Applied": false,
              "Count": 20,
              "Statement": null,
              "DisplayCoachMarks": false
            }
          ]
        },
        {
          "Alphabet": "X",
          "Filters": []
        },
        {
          "Alphabet": "Y",
          "Filters": [
            {
              "Name": "Yoplait",
              "Term": "Yoplait",
              "ExtraOutputFields": {},
              "Min": null,
              "Max": null,
              "Applied": false,
              "Count": 4,
              "Statement": null,
              "DisplayCoachMarks": false
            }
          ]
        },
        {
          "Alphabet": "Z",
          "Filters": []
        }
      ],
      "State": "Closed",
      "Rank": 1,
      "AdditionalResults": false,
      "DesignType": "Default",
      "ShowFilter": true,
      "Statement": null,
      "DisplayCoachMarks": false
    },
    {
      "Name": "Allergens",
      "DisplayName": "Allergens",
      "Type": "Multi",
      "FilterType": "Term",
      "FilterDataType": "String",
      "Results": null,
      "ResultsGrouped": [
        {
          "Alphabet": "0-9",
          "Filters": []
        },
        {
          "Alphabet": "A",
          "Filters": []
        },
        {
          "Alphabet": "B",
          "Filters": []
        },
        {
          "Alphabet": "C",
          "Filters": []
        },
        {
          "Alphabet": "D",
          "Filters": [
            {
              "Name": "Dairy Free",
              "Term": "Dairy Free",
              "ExtraOutputFields": {},
              "Min": null,
              "Max": null,
              "Applied": false,
              "Count": 69,
              "Statement": null,
              "DisplayCoachMarks": false
            }
          ]
        },
        {
          "Alphabet": "E",
          "Filters": [
            {
              "Name": "Egg Free",
              "Term": "Egg Free",
              "ExtraOutputFields": {},
              "Min": null,
              "Max": null,
              "Applied": false,
              "Count": 130,
              "Statement": null,
              "DisplayCoachMarks": false
            }
          ]
        },
        {
          "Alphabet": "F",
          "Filters": [
            {
              "Name": "Fish Free",
              "Term": "Fish Free",
              "ExtraOutputFields": {},
              "Min": null,
              "Max": null,
              "Applied": false,
              "Count": 120,
              "Statement": null,
              "DisplayCoachMarks": false
            }
          ]
        },
        {
          "Alphabet": "G",
          "Filters": [
            {
              "Name": "Gluten Free",
              "Term": "Gluten Free",
              "ExtraOutputFields": {},
              "Min": null,
              "Max": null,
              "Applied": false,
              "Count": 101,
              "Statement": null,
              "DisplayCoachMarks": false
            }
          ]
        },
        {
          "Alphabet": "H",
          "Filters": []
        },
        {
          "Alphabet": "I",
          "Filters": []
        },
        {
          "Alphabet": "J",
          "Filters": []
        },
        {
          "Alphabet": "K",
          "Filters": []
        },
        {
          "Alphabet": "L",
          "Filters": [
            {
              "Name": "Lactose Free",
              "Term": "Lactose Free",
              "ExtraOutputFields": {},
              "Min": null,
              "Max": null,
              "Applied": false,
              "Count": 69,
              "Statement": null,
              "DisplayCoachMarks": false
            },
            {
              "Name": "Lupin Free",
              "Term": "Lupin Free",
              "ExtraOutputFields": {},
              "Min": null,
              "Max": null,
              "Applied": false,
              "Count": 139,
              "Statement": null,
              "DisplayCoachMarks": false
            }
          ]
        },
        {
          "Alphabet": "M",
          "Filters": []
        },
        {
          "Alphabet": "N",
          "Filters": [
            {
              "Name": "No Artificial Colours or Flavours",
              "Term": "No Artificial Colours or Flavours",
              "ExtraOutputFields": {},
              "Min": null,
              "Max": null,
              "Applied": false,
              "Count": 123,
              "Statement": null,
              "DisplayCoachMarks": false
            },
            {
              "Name": "No Artificial Preservatives",
              "Term": "No Artificial Preservatives",
              "ExtraOutputFields": {},
              "Min": null,
              "Max": null,
              "Applied": false,
              "Count": 59,
              "Statement": null,
              "DisplayCoachMarks": false
            }
          ]
        },
        {
          "Alphabet": "O",
          "Filters": []
        },
        {
          "Alphabet": "P",
          "Filters": [
            {
              "Name": "Peanut Free",
              "Term": "Peanut Free",
              "ExtraOutputFields": {},
              "Min": null,
              "Max": null,
              "Applied": false,
              "Count": 7,
              "Statement": null,
              "DisplayCoachMarks": false
            }
          ]
        },
        {
          "Alphabet": "Q",
          "Filters": []
        },
        {
          "Alphabet": "R",
          "Filters": []
        },
        {
          "Alphabet": "S",
          "Filters": [
            {
              "Name": "Soy Free",
              "Term": "Soy Free",
              "ExtraOutputFields": {},
              "Min": null,
              "Max": null,
              "Applied": false,
              "Count": 85,
              "Statement": null,
              "DisplayCoachMarks": false
            }
          ]
        },
        {
          "Alphabet": "T",
          "Filters": [
            {
              "Name": "Tree Nut Free",
              "Term": "Tree Nut Free",
              "ExtraOutputFields": {},
              "Min": null,
              "Max": null,
              "Applied": false,
              "Count": 13,
              "Statement": null,
              "DisplayCoachMarks": false
            }
          ]
        },
        {
          "Alphabet": "U",
          "Filters": []
        },
        {
          "Alphabet": "V",
          "Filters": []
        },
        {
          "Alphabet": "W",
          "Filters": [
            {
              "Name": "Wheat Free",
              "Term": "Wheat Free",
              "ExtraOutputFields": {},
              "Min": null,
              "Max": null,
              "Applied": false,
              "Count": 94,
              "Statement": null,
              "DisplayCoachMarks": false
            }
          ]
        },
        {
          "Alphabet": "X",
          "Filters": []
        },
        {
          "Alphabet": "Y",
          "Filters": []
        },
        {
          "Alphabet": "Z",
          "Filters": []
        }
      ],
      "State": "Closed",
      "Rank": 1,
      "AdditionalResults": false,
      "DesignType": "Default",
      "ShowFilter": true,
      "Statement": null,
      "DisplayCoachMarks": false
    },
    {
      "Name": "Lifestyle",
      "DisplayName": "Dietary and Lifestyle",
      "Type": "Multi",
      "FilterType": "Term",
      "FilterDataType": "String",
      "Results": null,
      "ResultsGrouped": [
        {
          "Alphabet": "0-9",
          "Filters": []
        },
        {
          "Alphabet": "A",
          "Filters": []
        },
        {
          "Alphabet": "B",
          "Filters": []
        },
        {
          "Alphabet": "C",
          "Filters": []
        },
        {
          "Alphabet": "D",
          "Filters": []
        },
        {
          "Alphabet": "E",
          "Filters": []
        },
        {
          "Alphabet": "F",
          "Filters": [
            {
              "Name": "Free Range",
              "Term": "Free Range",
              "ExtraOutputFields": {},
              "Min": null,
              "Max": null,
              "Applied": false,
              "Count": 1,
              "Statement": null,
              "DisplayCoachMarks": false
            }
          ]
        },
        {
          "Alphabet": "G",
          "Filters": [
            {
              "Name": "Gluten Free",
              "Term": "Gluten Free",
              "ExtraOutputFields": {},
              "Min": null,
              "Max": null,
              "Applied": false,
              "Count": 101,
              "Statement": null,
              "DisplayCoachMarks": false
            }
          ]
        },
        {
          "Alphabet": "H",
          "Filters": [
            {
              "Name": "Halal",
              "Term": "Halal",
              "ExtraOutputFields": {},
              "Min": null,
              "Max": null,
              "Applied": false,
              "Count": 1,
              "Statement": null,
              "DisplayCoachMarks": false
            },
            {
              "Name": "High Fibre",
              "Term": "High Fibre",
              "ExtraOutputFields": {},
              "Min": null,
              "Max": null,
              "Applied": false,
              "Count": 10,
              "Statement": null,
              "DisplayCoachMarks": false
            },
            {
              "Name": "High Protein",
              "Term": "High Protein",
              "ExtraOutputFields": {},
              "Min": null,
              "Max": null,
              "Applied": false,
              "Count": 30,
              "Statement": null,
              "DisplayCoachMarks": false
            }
          ]
        },
        {
          "Alphabet": "I",
          "Filters": []
        },
        {
          "Alphabet": "J",
          "Filters": []
        },
        {
          "Alphabet": "K",
          "Filters": [
            {
              "Name": "Kosher",
              "Term": "Kosher",
              "ExtraOutputFields": {},
              "Min": null,
              "Max": null,
              "Applied": false,
              "Count": 5,
              "Statement": null,
              "DisplayCoachMarks": false
            }
          ]
        },
        {
          "Alphabet": "L",
          "Filters": [
            {
              "Name": "Low Fat",
              "Term": "Low Fat",
              "ExtraOutputFields": {},
              "Min": null,
              "Max": null,
              "Applied": false,
              "Count": 68,
              "Statement": null,
              "DisplayCoachMarks": false
            },
            {
              "Name": "Low Salt",
              "Term": "Low Salt",
              "ExtraOutputFields": {},
              "Min": null,
              "Max": null,
              "Applied": false,
              "Count": 31,
              "Statement": null,
              "DisplayCoachMarks": false
            },
            {
              "Name": "Low Saturated Fat",
              "Term": "Low Saturated Fat",
              "ExtraOutputFields": {},
              "Min": null,
              "Max": null,
              "Applied": false,
              "Count": 58,
              "Statement": null,
              "DisplayCoachMarks": false
            },
            {
              "Name": "Low Sugar",
              "Term": "Low Sugar",
              "ExtraOutputFields": {},
              "Min": null,
              "Max": null,
              "Applied": false,
              "Count": 90,
              "Statement": null,
              "DisplayCoachMarks": false
            }
          ]
        },
        {
          "Alphabet": "M",
          "Filters": []
        },
        {
          "Alphabet": "N",
          "Filters": []
        },
        {
          "Alphabet": "O",
          "Filters": []
        },
        {
          "Alphabet": "P",
          "Filters": []
        },
        {
          "Alphabet": "Q",
          "Filters": []
        },
        {
          "Alphabet": "R",
          "Filters": []
        },
        {
          "Alphabet": "S",
          "Filters": [
            {
              "Name": "Source of Calcium",
              "Term": "Source of Calcium",
              "ExtraOutputFields": {},
              "Min": null,
              "Max": null,
              "Applied": false,
              "Count": 12,
              "Statement": null,
              "DisplayCoachMarks": false
            },
            {
              "Name": "Source of Fibre",
              "Term": "Source of Fibre",
              "ExtraOutputFields": {},
              "Min": null,
              "Max": null,
              "Applied": false,
              "Count": 23,
              "Statement": null,
              "DisplayCoachMarks": false
            },
            {
              "Name": "Source of Iron",
              "Term": "Source of Iron",
              "ExtraOutputFields": {},
              "Min": null,
              "Max": null,
              "Applied": false,
              "Count": 13,
              "Statement": null,
              "DisplayCoachMarks": false
            },
            {
              "Name": "Source of Protein",
              "Term": "Source of Protein",
              "ExtraOutputFields": {},
              "Min": null,
              "Max": null,
              "Applied": false,
              "Count": 46,
              "Statement": null,
              "DisplayCoachMarks": false
            }
          ]
        },
        {
          "Alphabet": "T",
          "Filters": []
        },
        {
          "Alphabet": "U",
          "Filters": []
        },
        {
          "Alphabet": "V",
          "Filters": [
            {
              "Name": "Vegan",
              "Term": "Vegan",
              "ExtraOutputFields": {},
              "Min": null,
              "Max": null,
              "Applied": false,
              "Count": 53,
              "Statement": null,
              "DisplayCoachMarks": false
            },
            {
              "Name": "Vegetarian",
              "Term": "Vegetarian",
              "ExtraOutputFields": {},
              "Min": null,
              "Max": null,
              "Applied": false,
              "Count": 73,
              "Statement": null,
              "DisplayCoachMarks": false
            }
          ]
        },
        {
          "Alphabet": "W",
          "Filters": [
            {
              "Name": "Wholegrain",
              "Term": "Wholegrain",
              "ExtraOutputFields": {},
              "Min": null,
              "Max": null,
              "Applied": false,
              "Count": 1,
              "Statement": null,
              "DisplayCoachMarks": false
            }
          ]
        },
        {
          "Alphabet": "X",
          "Filters": []
        },
        {
          "Alphabet": "Y",
          "Filters": []
        },
        {
          "Alphabet": "Z",
          "Filters": []
        }
      ],
      "State": "Closed",
      "Rank": 1,
      "AdditionalResults": false,
      "DesignType": "Default",
      "ShowFilter": true,
      "Statement": null,
      "DisplayCoachMarks": false
    },
    {
      "Name": "Healthstar",
      "DisplayName": "Health Star Rating",
      "Type": "Multi",
      "FilterType": "Term",
      "FilterDataType": "String",
      "Results": null,
      "ResultsGrouped": [
        {
          "Alphabet": "0-9",
          "Filters": [
            {
              "Name": "1.5",
              "Term": "1.5",
              "ExtraOutputFields": {},
              "Min": null,
              "Max": null,
              "Applied": false,
              "Count": 4,
              "Statement": null,
              "DisplayCoachMarks": false
            },
            {
              "Name": "2",
              "Term": "2",
              "ExtraOutputFields": {},
              "Min": null,
              "Max": null,
              "Applied": false,
              "Count": 2,
              "Statement": null,
              "DisplayCoachMarks": false
            },
            {
              "Name": "2.5",
              "Term": "2.5",
              "ExtraOutputFields": {},
              "Min": null,
              "Max": null,
              "Applied": false,
              "Count": 2,
              "Statement": null,
              "DisplayCoachMarks": false
            },
            {
              "Name": "3",
              "Term": "3",
              "ExtraOutputFields": {},
              "Min": null,
              "Max": null,
              "Applied": false,
              "Count": 5,
              "Statement": null,
              "DisplayCoachMarks": false
            },
            {
              "Name": "3.5",
              "Term": "3.5",
              "ExtraOutputFields": {},
              "Min": null,
              "Max": null,
              "Applied": false,
              "Count": 10,
              "Statement": null,
              "DisplayCoachMarks": false
            },
            {
              "Name": "4",
              "Term": "4",
              "ExtraOutputFields": {},
              "Min": null,
              "Max": null,
              "Applied": false,
              "Count": 36,
              "Statement": null,
              "DisplayCoachMarks": false
            },
            {
              "Name": "4.5",
              "Term": "4.5",
              "ExtraOutputFields": {},
              "Min": null,
              "Max": null,
              "Applied": false,
              "Count": 4,
              "Statement": null,
              "DisplayCoachMarks": false
            },
            {
              "Name": "5",
              "Term": "5",
              "ExtraOutputFields": {},
              "Min": null,
              "Max": null,
              "Applied": false,
              "Count": 5,
              "Statement": null,
              "DisplayCoachMarks": false
            }
          ]
        },
        {
          "Alphabet": "A",
          "Filters": []
        },
        {
          "Alphabet": "B",
          "Filters": []
        },
        {
          "Alphabet": "C",
          "Filters": []
        },
        {
          "Alphabet": "D",
          "Filters": []
        },
        {
          "Alphabet": "E",
          "Filters": []
        },
        {
          "Alphabet": "F",
          "Filters": []
        },
        {
          "Alphabet": "G",
          "Filters": []
        },
        {
          "Alphabet": "H",
          "Filters": []
        },
        {
          "Alphabet": "I",
          "Filters": []
        },
        {
          "Alphabet": "J",
          "Filters": []
        },
        {
          "Alphabet": "K",
          "Filters": []
        },
        {
          "Alphabet": "L",
          "Filters": []
        },
        {
          "Alphabet": "M",
          "Filters": []
        },
        {
          "Alphabet": "N",
          "Filters": []
        },
        {
          "Alphabet": "O",
          "Filters": []
        },
        {
          "Alphabet": "P",
          "Filters": []
        },
        {
          "Alphabet": "Q",
          "Filters": []
        },
        {
          "Alphabet": "R",
          "Filters": []
        },
        {
          "Alphabet": "S",
          "Filters": []
        },
        {
          "Alphabet": "T",
          "Filters": []
        },
        {
          "Alphabet": "U",
          "Filters": []
        },
        {
          "Alphabet": "V",
          "Filters": []
        },
        {
          "Alphabet": "W",
          "Filters": []
        },
        {
          "Alphabet": "X",
          "Filters": []
        },
        {
          "Alphabet": "Y",
          "Filters": []
        },
        {
          "Alphabet": "Z",
          "Filters": []
        }
      ],
      "State": "Closed",
      "Rank": 1,
      "AdditionalResults": false,
      "DesignType": "Default",
      "ShowFilter": true,
      "Statement": null,
      "DisplayCoachMarks": false
    }
  ],
  "HasRewardsCard": true,
  "HasTobaccoItems": false,
  "Success": true
}
